2122 3507
845 156 992 205 aaa<
1015 168 1041 195 0
1063 155 1209 206 mae}
1822 177 1868 215 „7

216 240 219 241 ⁷
265 244 430 289 MDCI.
465 243 517 285 ad
545 240 798 282 meritorum
822 254 1027 283 coronam
1056 239 1342 296 capessendam
1361 270 1376 293 ‚
1403 254 1495 284 non
1520 243 1606 286 fine
1619 243 1736 287 lucitu
1756 247 1866 289 filio-

262 317 362 348 rum
380 333 393 353 ,
420 299 601 357 piiffime
622 295 800 342 deceffit.

667 415 884 470 Seculum
920 416 1046 472 VJW·
1095 416 1163 471 (φ
1190 418 1235 472 V
1233 420 1269 472 Ι.
1280 418 1347 451 ‘'‘m'

152 531 333 580 XLIV.
429 531 596 575 ETRUS
625 531 677 575 ΙΙ.
720 529 852 571 dietus
886 528 1018 571 Rauch
1051 528 1074 571 ὰ
1106 528 1311 587 Carolburg
1344 533 1503 574 Franco
1533 564 1544 584 ‚
1584 532 1787 575 Professus
1822 535 1860 578 S.

361 541 425 637 P
455 590 602 630 Crucis
629 619 640 638 ,
669 600 723 630 ex
754 587 1103 630 Administratore
1133 589 1340 630 Abbatiali
1383 592 1602 633 Hilarienfi
1633 591 1859 647 Campililij

268 648 507 703 postulatus
545 647 611 688 die
631 654 697 691 28.
717 646 848 700 April.
870 649 996 686 Anno
1016 648 1196 687 MDCII.
1211 650 1248 687 in
1275 646 1342 687 hoc
1382 649 1502 698 certe,
1536 661 1584 691 ut
1605 653 1760 692 habent
1779 654 1859 692 Ca..

261 706 392 760 talogi
410 705 646 746 Abbatiales
665 733 677 755 ‚
708 704 772 756 mfi
790 706 826 745 in
852 703 926 744 alio
934 703 1127 757 secundus
1149 735 1159 753 ‚
1189 701 1289 756 quad
1314 702 1434 746 bre-vi
1454 708 1475 747 ὲ
1500 706 1704 760 procellolo
1727 709 1856 755 statu,

257 760 340 804 citm
357 760 479 805 ‘varie
494 760 720 814 Ῑῖιιᾶιιανεέ,
749 769 898 814 ereptus
917 759 986 811 eft,
1016 760 1310 817 Quinquennalis
1343 760 1488 804 Abbas.
1558 768 1711 807 Praeter
1742 768 1857 808 enim

259 835 313 862 aes
331 836 456 875 grave
476 822 516 864 ὅτ
534 822 717 862 alienum
733 850 744 869 ‚
775 834 863 873 quo
884 819 1187 859 Monasterium
1207 821 1344 861 adhuc
1362 822 1384 860 ὲ
1410 823 1625 874 prioribus
1645 826 1853 865 calamita-

257 881 375 921 tibus
401 882 700 933 premebatur,
733 886 885 930 praeter
907 876 1138 917 molestiam
1179 878 1500 931 peregrinorum
1536 882 1751 922 Pastorum
1782 886 1853 924 ad-

256 939 403 978 hucin
423 937 576 978 vicinia
608 935 746 976 nostra
761 934 1014 974 hterentium
1036 964 1048 983 ‚
1080 934 1234 988 quibus
1252 936 1426 988 quidem
1444 938 1609 978 strenue
1632 941 1853 981 obniteba-

256 1003 357 1044 tur,
389 1004 540 1047 praeter
557 995 706 1034 damna
735 1001 983 1045 temporum
1002 1022 1014 1041 ‚
1047 991 1087 1032 ἅτ
1115 992 1288 1033 noxiam
1318 996 1538 1047 Aquarum
1571 998 1812 1038 eluvionem
1838 1029 1851 1048 ‚

253 1065 396 1106 neque
416 1051 510 1092 filiis
535 1065 632 1092 cum
656 1052 774 1091 Patre
793 1081 805 1099 ,
837 1060 1039 1104 tanquam
1071 1049 1298 1104 alienigena
1319 1082 1330 1102 ,
1363 1054 1528 1105 optime
1555 1055 1717 1106 semper
1747 1071 1850 1097 con-

252 1120 441 1151 venerat.
496 1111 747 1162 Rudolphus
775 1110 823 1148 II.
858 1109 1094 1160 Imperator
1123 1109 1198 1162 ipsi
1222 1110 1377 1163 pariter
1395 1141 1406 1160 ‚
1434 1121 1483 1152 ut
1510 1112 1722 1153 Fratribus
1744 1116 1853 1155 Ger·

251 1168 386 1208 manis
406 1199 418 1218 ‚
449 1167 770 1221 Praerogativam
787 1167 1011 1207 Nobilium
1031 1198 1042 1217 ‚
1075 1167 1252 1208 &Arma
1271 1169 1466 1209 haetenus
1488 1179 1684 1212 conlueta
1704 1172 1849 1222 auxit,

250 1240 299 1267 ac
316 1226 600 1268 confirmavit.
660 1225 872 1266 Fluctibus
900 1226 1004 1265 vero
1027 1226 1237 1276 proesentis
1258 1228 1464 1280 temporis
1492 1240 1631 1269 morte
1653 1242 1850 1272 exemtus

251 1284 335 1325 fuit
359 1285 425 1325 die
445 1298 511 1332 25.
532 1285 755 1324 Decembn.
774 1287 852 1325 An.
876 1280 1080 1322 MDCVI.

137 1351 289 1399 XLV.
320 1356 498 1396 SIMON
527 1356 578 1398 ΙΙ.
611 1351 867 1404 cognomine
890 1351 1058 1406 Rupert,
1077 1351 1155 1406 jam
1178 1361 1294 1403 tum,
1326 1355 1423 1395 cum
1443 1355 1667 1409 eligeretur
1689 1388 1700 1407 ,
1723 1360 1850 1400 Cam-

248 1412 368 1466 pililii
395 1410 818 1464 Senior,quindecim
837 1412 975 1451 adhuc
1003 1410 1159 1458 Annis,
1183 1412 1221 1451 δι
1240 1413 1388 1463 supra,
1413 1415 1617 1455 Abbatiali
1647 1416 1689 1456 in
1712 1418 1847 1458 Infula

250 1469 401 1511 claruit
415 1499 427 1519 ‚
458 1469 526 1509 vir
545 1467 823 1522 pientiffimus
839 1494 850 1516 ,
870 1476 1018 1507 contra
1040 1480 1187 1507 omnes
1222 1469 1404 1509 fortunae
1424 1470 1595 1518 injurias
1624 1477 1778 1514 excelsa
1802 1476 1847 1517 in

251 1529 416 1569 DEUM
438 1528 521 1566 fide
544 1556 555 1573 ‚
587 1527 625 1566 δι’
647 1525 841 1577 precibus
864 1534 1060 1564 armatus.
1120 1524 1301 1564 Civibus
1322 1527 1845 1585 Guilelmopolitanis,qui

249 1587 275 1626 ὲ
296 1583 423 1624 Sacris
444 1582 674 1622 Catholicis
687 1581 945 1622 desciverant
963 1611 974 1630 ‚
1022 1583 1307 1623 decretorium
1335 1585 1445 1624 diem
1475 1589 1679 1638 generos&
1696 1589 1807 1630 dixit
1831 1620 1843 1636 ‚

245 1655 333 1696 qua
348 1643 414 1681 vel
440 1642 489 1682 ad
510 1641 726 1681 Ecclefiarn
744 1650 930 1680 veterem
951 1650 1268 1681 reverterentur
1282 1671 1293 1690 ‚
1324 1645 1390 1682 vel
1411 1672 1423 1692 9
1448 1644 1568 1684 bonis
1592 1644 1844 1695 divenditis,

242 1702 383 1741 solum
404 1707 633 1739 mutarent.
689 1697 929 1751 Disciplinae
956 1698 1166 1752 Regularis
1187 1701 1433 1741 reducendae
1455 1702 1742 1744 solertissimus
1760 1735 1771 1755 ,
1804 1707 1846 1748 ὅτ

242 1757 332 1811 ipse
367 1754 755 1798 oblervantiffimus
777 1756 859 1796 fuit
877 1786 888 1804 ‚
919 1756 1141 1810 Chorique
1163 1757 1478 1800 amantiffimus.
1534 1762 1747 1803 Ecclesiam
1767 1793 1778 1812 ‚
1800 1764 1845 1805 in

242 1815 453 1857 disturbio
475 1813 703 1855 Bohemico
722 1824 869 1854 contra
885 1811 1158 1854 Ferdinandum
1191 1815 1242 1855 ΙΙ.
1272 1817 1472 1858 Caesarem
1491 1820 1843 1872 profanatam‚re-

243 1872 459 1914 conciliari
482 1902 494 1922 ‚
525 1873 564 1914 &
593 1871 906 1926 quamplurima
940 1871 1094 1912 Altaria
1121 1874 1142 1912 ὲ,
1161 1874 1199 1912 se
1218 1874 1348 1914 erecta
1382 1876 1561 1917 dedicari
1581 1880 1842 1930 procuravit.

242 1931 424 1984 Deigma
455 1932 575 1971 suum
608 1930 778 1971 Gentile
799 1929 982 1971 Mathias
1016 1931 1282 1982 Imperator,
1313 1932 1419 1981 Sibi,
1449 1948 1494 1974 ac
1516 1935 1728 1977 Fratribus
1759 1938 1843 1978 suis

244 1988 469 2030 Germanis
488 1986 1028 2040 Ruprecbtiis,confirmavit
1046 2019 1057 2034 ,
1075 1989 1112 2029 ἅτ
1141 1990 1402 2031 ornamentis
1422 1993 1695 2045 Equestribus
1715 1997 1843 2037 adau-

241 2047 324 2090 xit.
386 2048 572 2087 Tandem
601 2045 854 2086 meritorum
875 2056 961 2086 tam
997 2045 1114 2086 dives
1134 2051 1262 2100 quam
1286 2052 1512 2090 Annorum
1531 2079 1542 2099 ‚
1573 2050 1759 2092 dimissus
1781 2054 1841 2096 est

243 2106 269 2146 ὲ
302 2105 496 2146 Domino
536 2104 580 2144 in
622 2117 722 2158 pace
758 2105 808 2146 acl
849 2103 1042 2156 requiem
1077 2104 1375 2157 sempiternam
1408 2107 1475 2148 die
1500 2121 1543 2158 4,
1575 2107 1673 2162 Maij
1711 2113 1839 2152 Anno

240 2162 516 2205 MDCXXII.

129 2227 310 2276 XLVI.
342 2230 603 2272 IGNATIUS
631 2229 756 2269 Liber
772 2228 877 2270 Baro
892 2226 935 2271 de
956 2227 1075 2283 Craffi‘
1097 2260 1108 2278 ‚
1141 2244 1270 2285 quem
1294 2231 1337 2273 in
1364 2234 1538 2287 gradum
1560 2235 1582 2275 a
1612 2234 1840 2276 Ferdinan-

244 2289 303 2330 do
324 2290 375 2333 ΙΙ.
406 2288 595 2342 Augusto
615 2288 836 2328 subvectus
860 2288 972 2337 fuit,
1003 2289 1066 2330 uti
1088 2291 1138 2329 ab
1160 2291 1258 2343 Igne
1286 2304 1443 2331 nomen
1468 2293 1598 2333 traxit
1616 2320 1627 2341 ,
1659 2292 1716 2333 ita
1740 2306 1840 2335 cum

242 2346 342 2401 igne
364 2348 508 2388 ardere
530 2348 692 2400 semper
711 2376 723 2396 ‚
751 2347 889 2386 lucere
906 2377 917 2397 ‚
946 2348 985 2389 ὅ(
1004 2349 1219 2388 ascendere
1244 2350 1315 2389 fibi
1333 2351 1516 2390 solemne
1536 2350 1697 2391 habuit.
1751 2352 1837 2392 Ne-

242 2405 342 2446 scias
365 2404 579 2459 ρτοῑεξὶὸ,
609 2406 755 2445 utrum
775 2405 941 2455 Patriae,
958 2408 1023 2446 vel
1048 2406 1200 2446 Ordini
1217 2437 1228 2456 ‚
1254 2410 1322 2448 vel
1344 2408 1587 2461 Campililio
1607 2408 1755 2449 utilior
1771 2412 1836 2450 fu-

243 2463 326 2504 erit
345 2491 358 2513 ,
404 2465 454 2503 de
479 2475 749 2516 unoquoque
772 2461 1070 2504 immortaliter
1097 2465 1272 2505 meritus
1293 2477 1302 2503 ε
1335 2469 1452 2519 quod
1470 2468 1575 2507 vero
1598 2480 1681 2507 una
1700 2468 1838 2521 perio.

238 2522 297 2562 do
328 2520 551 2574 compleffl
586 2530 675 2561 non
697 2519 930 2575 possumus.
984 2521 1114 2562 Tituli
1140 2521 1225 2575 ejus
1251 2523 1467 2565 sufficiant.
1524 2526 1653 2566 Runae
1677 2527 1837 2579 profes-2

233 2580 302 2621 sus
323 2609 335 2628 ,
366 2592 420 2620 ex
441 2580 613 2620 Praesule
630 2578 914 2620 Neostadiensi
951 2579 1187 2633 postulatus
1208 2581 1266 2623 est
1293 2581 1519 2636 campililij
1544 2583 1611 2624 die
1634 2597 1698 2633 29.
1720 2581 1834 2638 Junij

234 2639 364 2678 Anno
391 2638 659 2678 MDCXXII.
689 2636 853 2678 Abinde
872 2637 1141 2679 instaurando
1161 2641 1340 2694 Templo
1361 2651 1447 2681 tam
1476 2641 1677 2694 spirituali
1704 2671 1716 2692 ‚
1750 2643 1834 2682 five

232 2694 475 2749 Disciplinae
498 2695 763 2737 restituendae
782 2723 793 2743 ‚
823 2698 949 2750 quam
972 2696 1176 2737 Materiali
1196 2726 1208 2747 ,
1239 2697 1265 2738 i.
1287 2711 1321 2738 e.
1356 2698 1552 2740 AEdificiis
1591 2699 1833 2754 reparandis

233 2751 556 2806 excitandisque
579 2762 700 2794 totus
718 2752 907 2794 intentus
923 2784 935 2804 ,
964 2754 1197 2808 Gratiaque
1223 2757 1403 2810 Augusta
1424 2757 1618 2798 suffultus
1647 2788 1658 2807 ,
1689 2770 1769 2809 qua
1789 2757 1830 2797 ἅτ

231 2811 438 2852 Dominia
459 2812 767 2852 Creusbacense
783 2841 795 2860 ‚
824 2821 953 2865 atque
971 2814 1249 2866 Arabergense
1264 2844 1276 2864 ‚
1306 2828 1404 2856 cum
1422 2817 1514 2856 sede
1534 2814 1796 2869 Bergovieni=
1815 2844 1828 2864 ‚

231 2867 453 2910 numerata
478 2867 657 2922 pecunia
679 2869 938 2911 Monasterio
961 2870 1181 2925 acquisivit
1200 2901 1212 2920 ‚
1244 2872 1348 2913 novi
1373 2873 1622 2914 Fundatoris
1667 2885 1828 2913 nomen

233 2926 355 2967 brevi
376 2927 629 2981 promeruit.
691 2926 913 2967 Abbatiam
938 2941 1096 2970 novam
1122 2958 1134 2977 ‚
1165 2930 1414 2972 Conventui
1444 2930 1708 2981 coniunuam
1731 2959 1743 2978 ‚
1773 2941 1828 2970 ex

231 2985 497 3026 meridionali
523 2983 764 3037 Monasterii
793 2987 921 3026 latere
949 2987 1188 3037 exstruxit,
1219 2989 1309 3042 quo
1344 2989 1453 3030 Filiis
1484 2987 1727 3043 praesentior
1747 2985 1825 3027 esse

231 3039 382 3094 posset.
439 3045 745 3084 Verumtamen
768 3043 916 3084 Virtus
939 3043 1025 3098 ejus
1043 3045 1162 3100 ignea
1181 3076 1194 3095 ‚
1223 3049 1508 3101 undequaque
1525 3045 1668 3085 diffusa
1688 3073 1699 3093 ‚
1723 3059 1823 3086 eum

230 3098 458 3151 spatiosum
482 3101 524 3141 in
545 3104 709 3142 Orbem
728 3103 981 3156 plerumque
1003 3104 1213 3149 evocavit.
1272 3107 1404 3145 Semel
1425 3103 1589 3156 quippe
1607 3133 1619 3151 ,
1639 3103 1820 3152 iterum,

230 3169 277 3198 ac
303 3156 479 3201 tertium
505 3159 697 3202 Viearius
723 3161 938 3202 Generalis
956 3161 1003 3203 in
1032 3161 1197 3205 Austria
1215 3192 1228 3215 ‚
1256 3162 1377 3204 Stiria
1395 3191 1407 3213 ‚
1437 3160 1656 3203 Carinthia
1675 3189 1687 3209 ,
1718 3162 1821 3201 Car-

957 3220 991 3261 E
1661 3218 1791 3260 niolia
1806 3250 1820 3271 ,
