2122 3507
197 154 344 222 fiina
375 206 392 237 ,
442 158 727 242 vanaque
782 155 1055 222 elatione
1105 176 1237 226 non
1303 162 1704 230 contestetur.
1813 173 1913 235 Sa-

196 245 432 330 pientis
492 241 894 310 Ecclefiastici
948 243 1140 313 effato
1193 250 1568 334 Sacm‘ficimlz
1607 253 1782 339 Juffi
1817 279 1912 321 ac-

187 348 420 486 gptmn
445 334 595 504 cst}
630 334 703 399 &²
752 338 1090 400 77le7llom‘am
1152 339 1284 418 ejus
1347 357 1467 406 non
1529 341 1910 427 oblbvzss'etm

264 424 511 487 ominus.
609 425 691 506 e)

323 569 564 634 Tantus
604 589 804 655 porro
853 574 1004 636 cum
1038 570 1113 637 fis
1137 623 1155 652 ‚
1203 574 1596 653 PRAESUL
1637 575 1909 666 Amplis-

187 655 337 720 fime
364 708 383 736 ‚
431 678 510 722 ex
560 680 641 723 eo
684 659 809 742 jam
861 676 1153 744 tempore
1178 712 1197 740 ,
1246 682 1381 746 quo
1422 664 1743 734 Primitius
1788 667 1908 734 esse

184 744 485 811 Sacerdos
516 745 748 832 caepisti
785 799 802 828 ,
850 747 1078 812 abinde
1118 751 1271 814 vero
1312 753 1775 837 quinquaginta
1816 759 1908 843 ip-

182 829 259 897 fis
285 833 492 899 Annis
534 836 906 920 quotidiana
941 834 1162 900 Hostia
1187 838 1328 903 Tua
1357 837 1558 906 sancia
1586 841 1655 910 δε
1691 846 1906 911 imma-

177 919 381 986 culata
411 923 553 986 orbi
594 920 883 988 universo
911 925 1296 992 immensum
1327 928 1686 1013 profueris,
1734 934 1909 1000 cum-

175 1028 303 1092 que
364 1025 661 1093 praeterea
728 1011 989 1077 Mittam
1058 1013 1439 1082 Pastoralem
1467 1068 1487 1098 ,
1558 1021 1736 1085 omni
1789 1022 1910 1087 Re-

168 1114 326 1178 gum
375 1097 725 1163 diademate
770 1099 1100 1166 celsiorem
1129 1154 1146 1182 ‚
1195 1122 1329 1169 non
1378 1106 1579 1171 modo
1620 1104 1758 1192 Ipse
1806 1109 1908 1174 Sa-

170 1200 345 1249 crato
374 1186 438 1251 in
465 1188 721 1251 Vertice
750 1208 925 1273 geras
949 1240 968 1269 ,
1015 1192 1239 1255 verum
1279 1195 1468 1259 etiam
1505 1195 1749 1261 Vicaria
1779 1197 1905 1261 Gen

167 1272 393 1338 neralis
447 1273 763 1340 Potestate
827 1277 960 1340 aliis
1011 1280 1346 1360 imponas:
1398 1283 1593 1364 quarn
1644 1287 1902 1352 interim

164 1363 638 1446 pauperculum
682 1363 751 1428 &c
807 1364 1160 1425 contritum
1210 1361 1433 1442 spiritu
1487 1369 1584 1429 Te
1633 1372 1899 1438 videnti-

168 1450 287 1514 bus
349 1449 649 1511 omnibus
708 1448 1020 1508 exhibes?
1088 1462 1408 1528 quantum
1470 1451 1569 1513 Te
1629 1471 1900 1524 tremere

163 1537 500 1600 Sermones
566 1531 840 1595 Divinos
906 1531 972 1594 in
1039 1535 1221 1597 omni
1290 1534 1440 1600 loco
1490 1540 1844 1610 manifestas
1877 1552 1902 1611 ?

160 1621 489 1690 Mirumne
538 1616 658 1683 effe
708 1618 1040 1685 credamus
1064 1670 1083 1701 ,
1145 1618 1193 1684 s1
1259 1623 1504 1691 tamdiu
1569 1630 1899 1702 Sacrificiis

159 1710 319 1775 Tuis
372 1708 836 1794 Omnipotenti
895 1706 1207 1794 placueris
1236 1762 1256 1793 ‚
1317 1707 1656 1800 usquequo
1704 1719 1895 1806 digna

160 1797 388 1864 Calicis
446 1796 577 1862 Tui
617 1796 941 1863 Columna
967 1848 988 1879 ,
1035 1817 1165 1883 qua
1204 1799 1468 1885 posthac
1529 1803 1892 1875 sustentare-

154 1903 262 1951 tur
286 1939 303 1967 ,
344 1884 594 1970 Jubilea
620 1886 1181 1972 Qinquagenaria
1222 1886 1432 1955 Litera
1467 1891 1691 1960 fieret?
1728 1899 1896 1981 Quis

156 1976 423 2040 demum
469 1972 706 2040 inficias
753 1990 857 2040 eat
880 2025 898 2055 ,
960 1974 1205 2042 tamdiu
1246 1978 1640 2047 incolumem
1670 2000 1887 2055 totum

155 2061 521 2148 salvumque
563 2058 939 2129 conservafle
968 2064 1065 2128 Te
1097 2064 1362 2132 DEUM
1398 2120 1419 2149 ,
1467 2072 1649 2155 quod
1689 2075 1889 2143 Sacris

153 2152 271 2218 Ille
300 2154 459 2218 Tuis
526 2147 721 2216 satiari
757 2171 892 2218 non
936 2154 1175 2234 queat?
1222 2156 1387 2218 Vere
1415 2161 1653 2225 etenim
1680 2212 1699 2241 ,
1748 2184 1883 2230 rur..

149 2237 287 2304 sum
333 2240 708 2324 praedicante
750 2237 1179 2305 Ecclesiastico
1204 2291 1220 2319 ‚
1270 2241 1537 2309 Oblatio
1583 2247 1760 2334 Justi
1778 2254 1882 2315 im-

138 2332 393 2414 pinguat
432 2327 648 2391 Altme
673 2377 691 2406 ‚
738 2327 813 2395 89³
865 2325 1009 2390 odor
1032 2327 1367 2411 fita·z⁷imtis
1404 2333 1491 2418 cst
1537 2338 1601 2401 2'72
1648 2339 1881 2423 conspe-

148 2418 252 2481 θη
278 2415 564 2498 Altfflmi.
615 2415 647 2498 <
663 2413 704 2478 f
709 2420 743 2503 >
791 2414 910 2480 Vel
938 2410 1062 2480 sola
1095 2417 1348 2484 interim
1377 2471 1396 2502 ,
1447 2442 1516 2485 ac
1545 2438 1714 2490 tanta
1745 2444 1877 2495 tam

148 2501 364 2569 samir-ee
381 2502 777 2571 Humilitatis
799 2504 954 2569 Tuae
977 2505 1203 2569 umbra
1238 2508 1589 2577 manifestat
1612 2564 1630 2592 ,
1680 2518 1874 2599 quam

150 2590 310 2657 celso
335 2590 452 2659 effe
489 2592 713 2660 debeat
749 2594 926 2682 apice
954 2593 1110 2660 Tuae
1131 2596 1399 2667 Virtutis
1429 2599 1713 2668 coloflus

149 2770 466 2914 ATque
513 2769 659 2869 iude
713 2767 802 2833 est
832 2821 849 2850 ‚
899 2771 1079 2871 quod
1130 2772 1327 2839 altero
1396 2777 1703 2879 Symbolo
1758 2801 1870 2847 no-

324 2856 452 2923 stro
512 2879 862 2924 miramur:
928 2881 994 2925 m
1053 2882 1188 2946 quo
1243 2864 1440 2929 Aram
1496 2887 1820 2952 pinximus
1847 2922 1867 2953 ,

146 2945 330 3028 cujus
367 2946 643 3032 stipitem
686 2948 903 3015 denuo
962 2949 1033 3017 L.
1072 2951 1247 3017 litera
1286 2950 1500 3038 signat.
1609 2957 1713 3026 Ab
1736 2957 1867 3024 Ara

1019 3060 1055 3103 c
1700 3045 1863 3114 Vitis

188 3171 271 3217 (e)
297 3167 395 3206 Eccli
420 3173 549 3212 XXXV.
575 3183 613 3208 v.
639 3185 674 3216 9.
721 3173 800 3221 (f)
828 3172 919 3211 Ibid.
950 3185 986 3211 v.
1010 3180 1044 3210 8„
