<?xml version="1.0" encoding="UTF-8"?>
<!DOCTYPE html PUBLIC "-//W3C//DTD XHTML 1.0 Transitional//EN"
    "http://www.w3.org/TR/xhtml1/DTD/xhtml1-transitional.dtd">
<html xmlns="http://www.w3.org/1999/xhtml" xml:lang="en" lang="en">
 <head>
  <title>
</title>
<meta http-equiv="Content-Type" content="text/html;charset=utf-8" />
  <meta name='ocr-system' content='tesseract 3.04.00' />
  <meta name='ocr-capabilities' content='ocr_page ocr_carea ocr_par ocr_line ocrx_word'/>
</head>
<body>
  <div class='ocr_page' id='page_1' title='image "./quinquagenasymbo00hant_0048.png"; bbox 0 0 2122 3507; ppageno 0'>
   <div class='ocr_carea' id='block_1_1' title="bbox 198 153 1225 202">
    <p class='ocr_par' dir='ltr' id='par_1_1' title="bbox 198 153 1225 202">
     <span class='ocr_line' id='line_1_1' title="bbox 198 153 1225 202; baseline 0.004 -4"><span class='ocrx_word' id='word_1_1' title='bbox 198 163 241 199; x_wconf 81' lang='lat'>18</span> <span class='ocrx_word' id='word_1_2' title='bbox 860 153 1005 201; x_wconf 56' lang='grc' dir='ltr'>ἓῦῧΰ(</span> <span class='ocrx_word' id='word_1_3' title='bbox 1028 166 1053 191; x_wconf 93' lang='lat'>0</span> <span class='ocrx_word' id='word_1_4' title='bbox 1080 154 1225 202; x_wconf 57' lang='grc' dir='ltr'>Χέῐὲῧέ</span> 
     </span>
    </p>
   </div>
   <div class='ocr_carea' id='block_1_2' title="bbox 300 236 1906 920">
    <p class='ocr_par' dir='ltr' id='par_1_2' title="bbox 300 236 1906 920">
     <span class='ocr_line' id='line_1_2' title="bbox 300 236 1906 293; baseline 0 -10"><span class='ocrx_word' id='word_1_5' title='bbox 300 242 429 283; x_wconf 80' lang='lat' dir='ltr'>niolia</span> <span class='ocrx_word' id='word_1_6' title='bbox 447 270 459 290; x_wconf 84' lang='lat'><strong><em>‚</em></strong></span> <span class='ocrx_word' id='word_1_7' title='bbox 491 236 808 284; x_wconf 76' lang='lat' dir='ltr'>Commiffarius</span> <span class='ocrx_word' id='word_1_8' title='bbox 847 237 1018 290; x_wconf 87' lang='lat' dir='ltr'>insuper</span> <span class='ocrx_word' id='word_1_9' title='bbox 1057 237 1232 280; x_wconf 81' lang='lat' dir='ltr'>Ordinis</span> <span class='ocrx_word' id='word_1_10' title='bbox 1256 252 1332 293; x_wconf 84' lang='lat' dir='ltr'>per</span> <span class='ocrx_word' id='word_1_11' title='bbox 1354 241 1796 283; x_wconf 86' lang='lat' dir='ltr'>Sacrum&#39;Romanum</span> <span class='ocrx_word' id='word_1_12' title='bbox 1822 245 1906 283; x_wconf 89' lang='lat' dir='ltr'>Im·</span> 
     </span>
     <span class='ocr_line' id='line_1_3' title="bbox 303 295 1905 354; baseline 0.001 -14"><span class='ocrx_word' id='word_1_13' title='bbox 303 300 467 354; x_wconf 82' lang='lat' dir='ltr'>perium</span> <span class='ocrx_word' id='word_1_14' title='bbox 487 299 509 337; x_wconf 79' lang='grc' dir='ltr'>ὲ</span> <span class='ocrx_word' id='word_1_15' title='bbox 533 295 735 337; x_wconf 70' lang='lat' dir='ltr'>Cistercio</span> <span class='ocrx_word' id='word_1_16' title='bbox 781 296 1040 338; x_wconf 85' lang='lat' dir='ltr'>constitutus</span> <span class='ocrx_word' id='word_1_17' title='bbox 1061 325 1072 345; x_wconf 88' lang='lat'><strong>‚</strong></span> <span class='ocrx_word' id='word_1_18' title='bbox 1103 297 1276 338; x_wconf 89' lang='lat' dir='ltr'>summis</span> <span class='ocrx_word' id='word_1_19' title='bbox 1305 297 1527 340; x_wconf 89' lang='lat' dir='ltr'>Beneficiis</span> <span class='ocrx_word' id='word_1_20' title='bbox 1557 300 1810 341; x_wconf 86' lang='lat' dir='ltr'>Monasteria</span> <span class='ocrx_word' id='word_1_21' title='bbox 1832 302 1905 342; x_wconf 89' lang='lat' dir='ltr'>Ci-</span> 
     </span>
     <span class='ocr_line' id='line_1_4' title="bbox 302 353 1904 406; baseline 0.001 -8"><span class='ocrx_word' id='word_1_22' title='bbox 302 356 528 399; x_wconf 77' lang='lat' dir='ltr'>stercienlia</span> <span class='ocrx_word' id='word_1_23' title='bbox 554 354 597 394; x_wconf 92' lang='lat' dir='ltr'>in</span> <span class='ocrx_word' id='word_1_24' title='bbox 628 354 860 395; x_wconf 84' lang='lat' dir='ltr'>Palatinatu</span> <span class='ocrx_word' id='word_1_25' title='bbox 879 386 890 404; x_wconf 87' lang='lat'>,</span> <span class='ocrx_word' id='word_1_26' title='bbox 925 353 1126 395; x_wconf 85' lang='lat' dir='ltr'>Bohemia</span> <span class='ocrx_word' id='word_1_27' title='bbox 1143 385 1154 404; x_wconf 92' lang='lat'><strong><em>‚</em></strong></span> <span class='ocrx_word' id='word_1_28' title='bbox 1186 355 1404 398; x_wconf 84' lang='lat' dir='ltr'>Carinthia</span> <span class='ocrx_word' id='word_1_29' title='bbox 1428 356 1500 396; x_wconf 83' lang='lat' dir='ltr'>fibi</span> <span class='ocrx_word' id='word_1_30' title='bbox 1519 356 1774 406; x_wconf 78' lang='lat' dir='ltr'>obstrinxit,</span> <span class='ocrx_word' id='word_1_31' title='bbox 1799 360 1837 400; x_wconf 87' lang='lat'>&amp;</span> <span class='ocrx_word' id='word_1_32' title='bbox 1855 361 1904 399; x_wconf 81' lang='lat' dir='ltr'>ad</span> 
     </span>
     <span class='ocr_line' id='line_1_5' title="bbox 302 412 1903 469; baseline 0.001 -14"><span class='ocrx_word' id='word_1_33' title='bbox 302 424 453 455; x_wconf 74' lang='lat' dir='ltr'>:eterna</span> <span class='ocrx_word' id='word_1_34' title='bbox 473 412 612 454; x_wconf 87' lang='lat' dir='ltr'>debita</span> <span class='ocrx_word' id='word_1_35' title='bbox 633 412 786 466; x_wconf 81' lang='lat' dir='ltr'>co&#39;e‘git.</span> <span class='ocrx_word' id='word_1_36' title='bbox 861 412 1114 453; x_wconf 85' lang='lat' dir='ltr'>Inclitorum</span> <span class='ocrx_word' id='word_1_37' title='bbox 1143 414 1338 454; x_wconf 83' lang='lat' dir='ltr'>Statuum</span> <span class='ocrx_word' id='word_1_38' title='bbox 1359 414 1689 455; x_wconf 84' lang='lat' dir='ltr'>Provincialium</span> <span class='ocrx_word' id='word_1_39' title='bbox 1709 416 1903 469; x_wconf 90' lang='lat' dir='ltr'>Deputa-</span> 
     </span>
     <span class='ocr_line' id='line_1_6' title="bbox 302 469 1905 527; baseline 0.001 -14"><span class='ocrx_word' id='word_1_40' title='bbox 302 481 414 513; x_wconf 84' lang='lat' dir='ltr'>tatus</span> <span class='ocrx_word' id='word_1_41' title='bbox 433 502 443 517; x_wconf 88' lang='lat'>,</span> <span class='ocrx_word' id='word_1_42' title='bbox 479 469 646 511; x_wconf 76' lang='lat' dir='ltr'>Caesaris</span> <span class='ocrx_word' id='word_1_43' title='bbox 667 472 715 510; x_wconf 88' lang='lat' dir='ltr'>ad</span> <span class='ocrx_word' id='word_1_44' title='bbox 734 470 925 512; x_wconf 83' lang='lat' dir='ltr'>Rusticos</span> <span class='ocrx_word' id='word_1_45' title='bbox 950 471 1134 511; x_wconf 84' lang='lat' dir='ltr'>Rebelles</span> <span class='ocrx_word' id='word_1_46' title='bbox 1157 472 1328 514; x_wconf 83' lang='lat' dir='ltr'>Austriae</span> <span class='ocrx_word' id='word_1_47' title='bbox 1353 471 1577 525; x_wconf 81' lang='lat' dir='ltr'>superioris</span> <span class='ocrx_word' id='word_1_48' title='bbox 1606 486 1700 514; x_wconf 91' lang='lat' dir='ltr'>cum</span> <span class='ocrx_word' id='word_1_49' title='bbox 1732 480 1905 527; x_wconf 75' lang='lat' dir='ltr'>praeien-</span> 
     </span>
     <span class='ocr_line' id='line_1_7' title="bbox 301 527 1905 583; baseline 0.003 -15"><span class='ocrx_word' id='word_1_50' title='bbox 301 527 381 569; x_wconf 84' lang='lat' dir='ltr'>tiffi</span> <span class='ocrx_word' id='word_1_51' title='bbox 399 541 458 568; x_wconf 89' lang='lat' dir='ltr'>no</span> <span class='ocrx_word' id='word_1_52' title='bbox 483 528 647 582; x_wconf 84' lang='lat' dir='ltr'>Capitis</span> <span class='ocrx_word' id='word_1_53' title='bbox 672 529 862 581; x_wconf 84' lang='lat' dir='ltr'>periculo</span> <span class='ocrx_word' id='word_1_54' title='bbox 893 527 1211 569; x_wconf 81' lang='lat' dir='ltr'>Commiffarius</span> <span class='ocrx_word' id='word_1_55' title='bbox 1227 559 1238 579; x_wconf 89' lang='lat'>‚</span> <span class='ocrx_word' id='word_1_56' title='bbox 1253 531 1396 583; x_wconf 81' lang='lat' dir='ltr'>postea</span> <span class='ocrx_word' id='word_1_57' title='bbox 1417 531 1456 572; x_wconf 85' lang='lat'>&amp;</span> <span class='ocrx_word' id='word_1_58' title='bbox 1483 530 1799 572; x_wconf 80' lang='lat' dir='ltr'>Commiffarius</span> <span class='ocrx_word' id='word_1_59' title='bbox 1818 534 1905 576; x_wconf 82' lang='lat' dir='ltr'>Bel-</span> 
     </span>
     <span class='ocr_line' id='line_1_8' title="bbox 300 587 1902 640; baseline 0.001 -12"><span class='ocrx_word' id='word_1_60' title='bbox 300 588 403 628; x_wconf 86' lang='lat' dir='ltr'>licus</span> <span class='ocrx_word' id='word_1_61' title='bbox 422 617 433 637; x_wconf 89' lang='lat'>‚</span> <span class='ocrx_word' id='word_1_62' title='bbox 467 587 708 632; x_wconf 76' lang='lat' dir='ltr'>decumanis</span> <span class='ocrx_word' id='word_1_63' title='bbox 742 587 901 628; x_wconf 86' lang='lat' dir='ltr'>meritis</span> <span class='ocrx_word' id='word_1_64' title='bbox 936 588 1022 628; x_wconf 83' lang='lat' dir='ltr'>haec</span> <span class='ocrx_word' id='word_1_65' title='bbox 1040 587 1215 640; x_wconf 84' lang='lat' dir='ltr'>proemia</span> <span class='ocrx_word' id='word_1_66' title='bbox 1249 588 1423 639; x_wconf 83' lang='lat' dir='ltr'>retulit,</span> <span class='ocrx_word' id='word_1_67' title='bbox 1454 597 1505 630; x_wconf 90' lang='lat' dir='ltr'>ut</span> <span class='ocrx_word' id='word_1_68' title='bbox 1527 591 1700 630; x_wconf 78' lang='lat' dir='ltr'>Excelsae</span> <span class='ocrx_word' id='word_1_69' title='bbox 1718 591 1902 630; x_wconf 83' lang='lat' dir='ltr'>Gamerae</span> 
     </span>
     <span class='ocr_line' id='line_1_9' title="bbox 301 645 1901 702; baseline 0.001 -17"><span class='ocrx_word' id='word_1_70' title='bbox 301 645 454 685; x_wconf 79' lang='lat' dir='ltr'>Aulicae</span> <span class='ocrx_word' id='word_1_71' title='bbox 496 647 641 686; x_wconf 82' lang='lat' dir='ltr'>Praeses</span> <span class='ocrx_word' id='word_1_72' title='bbox 673 645 1042 687; x_wconf 72' lang='lat' dir='ltr'>constitueretura</span> <span class='ocrx_word' id='word_1_73' title='bbox 1065 645 1438 688; x_wconf 85' lang='lat' dir='ltr'>FERDINANDO</span> <span class='ocrx_word' id='word_1_74' title='bbox 1465 649 1515 688; x_wconf 91' lang='lat' dir='ltr'>II.</span> <span class='ocrx_word' id='word_1_75' title='bbox 1545 649 1736 702; x_wconf 81' lang='lat' dir='ltr'>Augusto</span> <span class='ocrx_word' id='word_1_76' title='bbox 1755 677 1766 697; x_wconf 92' lang='lat'>,</span> <span class='ocrx_word' id='word_1_77' title='bbox 1797 647 1901 687; x_wconf 84' lang='lat' dir='ltr'>Inti-</span> 
     </span>
     <span class='ocr_line' id='line_1_10' title="bbox 301 701 1904 760; baseline 0.001 -16"><span class='ocrx_word' id='word_1_78' title='bbox 301 701 463 757; x_wconf 73' lang='lat' dir='ltr'>moque</span> <span class='ocrx_word' id='word_1_79' title='bbox 500 702 685 757; x_wconf 70' lang='lat' dir='ltr'>ejusdem</span> <span class='ocrx_word' id='word_1_80' title='bbox 721 704 911 744; x_wconf 72' lang='lat' dir='ltr'>Conlilio</span> <span class='ocrx_word' id='word_1_81' title='bbox 932 704 1110 744; x_wconf 66' lang='lat' dir='ltr'>adlestus</span> <span class='ocrx_word' id='word_1_82' title='bbox 1138 703 1278 746; x_wconf 85' lang='lat' dir='ltr'>fuerit.</span> <span class='ocrx_word' id='word_1_83' title='bbox 1363 707 1508 745; x_wconf 88' lang='lat' dir='ltr'>Unum</span> <span class='ocrx_word' id='word_1_84' title='bbox 1533 706 1665 760; x_wconf 70' lang='lat' dir='ltr'>lgnatn</span> <span class='ocrx_word' id='word_1_85' title='bbox 1686 716 1904 759; x_wconf 84' lang='lat' dir='ltr'>peccatum</span> 
     </span>
     <span class='ocr_line' id='line_1_11' title="bbox 301 761 1901 817; baseline 0.001 -15"><span class='ocrx_word' id='word_1_86' title='bbox 301 771 389 802; x_wconf 88' lang='lat' dir='ltr'>erat</span> <span class='ocrx_word' id='word_1_87' title='bbox 410 792 421 812; x_wconf 89' lang='lat'>‚</span> <span class='ocrx_word' id='word_1_88' title='bbox 450 763 517 803; x_wconf 88' lang='lat' dir='ltr'>sed</span> <span class='ocrx_word' id='word_1_89' title='bbox 540 764 623 802; x_wconf 81' lang='lat' dir='ltr'>line</span> <span class='ocrx_word' id='word_1_90' title='bbox 642 763 763 815; x_wconf 85' lang='lat' dir='ltr'>culpa</span> <span class='ocrx_word' id='word_1_91' title='bbox 786 792 797 811; x_wconf 85' lang='lat'>,</span> <span class='ocrx_word' id='word_1_92' title='bbox 829 762 948 815; x_wconf 75' lang='lat' dir='ltr'>quod</span> <span class='ocrx_word' id='word_1_93' title='bbox 979 761 1226 802; x_wconf 76' lang='lat' dir='ltr'>diuturnior</span> <span class='ocrx_word' id='word_1_94' title='bbox 1249 776 1337 803; x_wconf 88' lang='lat' dir='ltr'>non</span> <span class='ocrx_word' id='word_1_95' title='bbox 1367 762 1495 804; x_wconf 70' lang='lat' dir='ltr'>tuerit</span> <span class='ocrx_word' id='word_1_96' title='bbox 1514 793 1526 813; x_wconf 90' lang='lat'>‚</span> <span class='ocrx_word' id='word_1_97' title='bbox 1557 762 1723 817; x_wconf 84' lang='lat' dir='ltr'>jamque</span> <span class='ocrx_word' id='word_1_98' title='bbox 1744 763 1810 803; x_wconf 89' lang='lat' dir='ltr'>die</span> <span class='ocrx_word' id='word_1_99' title='bbox 1837 777 1901 813; x_wconf 82' lang='lat'>29.</span> 
     </span>
     <span class='ocr_line' id='line_1_12' title="bbox 302 820 1902 873; baseline 0.001 -13"><span class='ocrx_word' id='word_1_100' title='bbox 302 821 537 873; x_wconf 79' lang='lat' dir='ltr'>Septembr.</span> <span class='ocrx_word' id='word_1_101' title='bbox 570 823 696 861; x_wconf 84' lang='lat' dir='ltr'>Anno</span> <span class='ocrx_word' id='word_1_102' title='bbox 738 820 1115 861; x_wconf 79' lang='lat' dir='ltr'>MDCXXXVIII.</span> <span class='ocrx_word' id='word_1_103' title='bbox 1160 820 1335 861; x_wconf 80' lang='lat' dir='ltr'>Viennae</span> <span class='ocrx_word' id='word_1_104' title='bbox 1372 820 1418 861; x_wconf 88' lang='lat' dir='ltr'>in</span> <span class='ocrx_word' id='word_1_105' title='bbox 1449 823 1595 862; x_wconf 86' lang='lat' dir='ltr'>caelum</span> <span class='ocrx_word' id='word_1_106' title='bbox 1632 823 1902 863; x_wconf 76' lang='lat' dir='ltr'>coronandus</span> 
     </span>
     <span class='ocr_line' id='line_1_13' title="bbox 306 877 500 920; baseline -0.005 -1"><span class='ocrx_word' id='word_1_107' title='bbox 306 877 500 920; x_wconf 80' lang='lat' dir='ltr'>abiverit.</span> 
     </span>
    </p>
   </div>
   <div class='ocr_carea' id='block_1_3' title="bbox 194 951 1904 3207">
    <p class='ocr_par' dir='ltr' id='par_1_3' title="bbox 194 951 1904 3207">
     <span class='ocr_line' id='line_1_14' title="bbox 194 951 1902 1008; baseline -0.001 -13"><span class='ocrx_word' id='word_1_108' title='bbox 194 952 398 995; x_wconf 85' lang='lat' dir='ltr'>XLVII.</span> <span class='ocrx_word' id='word_1_109' title='bbox 428 954 739 995; x_wconf 85' lang='lat' dir='ltr'>CORNELIUS</span> <span class='ocrx_word' id='word_1_110' title='bbox 768 951 931 994; x_wconf 77' lang='lat' dir='ltr'>Strauch</span> <span class='ocrx_word' id='word_1_111' title='bbox 954 956 976 994; x_wconf 70' lang='lat' dir='ltr'>a</span> <span class='ocrx_word' id='word_1_112' title='bbox 1003 953 1213 993; x_wconf 85' lang='lat' dir='ltr'>moriente</span> <span class='ocrx_word' id='word_1_113' title='bbox 1243 952 1361 993; x_wconf 87' lang='lat' dir='ltr'>Patre</span> <span class='ocrx_word' id='word_1_114' title='bbox 1403 953 1565 993; x_wconf 86' lang='lat' dir='ltr'>Abbate</span> <span class='ocrx_word' id='word_1_115' title='bbox 1594 952 1736 1008; x_wconf 81' lang='lat' dir='ltr'>Ignatio</span> <span class='ocrx_word' id='word_1_116' title='bbox 1774 952 1902 993; x_wconf 84' lang='lat' dir='ltr'>Filius</span> 
     </span>
     <span class='ocr_line' id='line_1_15' title="bbox 307 1010 1902 1066; baseline -0.001 -15"><span class='ocrx_word' id='word_1_117' title='bbox 307 1013 429 1066; x_wconf 79' lang='lat' dir='ltr'>plane</span> <span class='ocrx_word' id='word_1_118' title='bbox 451 1012 523 1052; x_wconf 77' lang='lat' dir='ltr'>fibi</span> <span class='ocrx_word' id='word_1_119' title='bbox 551 1012 689 1052; x_wconf 78' lang='lat' dir='ltr'>{imilis</span> <span class='ocrx_word' id='word_1_120' title='bbox 713 1012 874 1052; x_wconf 61' lang='lat' dir='ltr'>relistus</span> <span class='ocrx_word' id='word_1_121' title='bbox 886 1022 973 1052; x_wconf 78' lang='lat' dir='ltr'>erat</span> <span class='ocrx_word' id='word_1_122' title='bbox 992 1042 1003 1061; x_wconf 87' lang='lat'>‚</span> <span class='ocrx_word' id='word_1_123' title='bbox 1036 1012 1077 1051; x_wconf 91' lang='lat' dir='ltr'>in</span> <span class='ocrx_word' id='word_1_124' title='bbox 1096 1010 1318 1065; x_wconf 84' lang='lat' dir='ltr'>quemipse</span> <span class='ocrx_word' id='word_1_125' title='bbox 1340 1011 1477 1050; x_wconf 80' lang='lat' dir='ltr'>DEUS</span> <span class='ocrx_word' id='word_1_126' title='bbox 1496 1011 1532 1052; x_wconf 74' lang='grc' dir='ltr'>ὅτ</span> <span class='ocrx_word' id='word_1_127' title='bbox 1555 1011 1717 1051; x_wconf 87' lang='lat' dir='ltr'>Natura</span> <span class='ocrx_word' id='word_1_128' title='bbox 1735 1010 1902 1051; x_wconf 82' lang='lat' dir='ltr'>nobilis-</span> 
     </span>
     <span class='ocr_line' id='line_1_16' title="bbox 307 1068 1903 1123; baseline -0.001 -14"><span class='ocrx_word' id='word_1_129' title='bbox 307 1072 425 1110; x_wconf 80' lang='lat' dir='ltr'>fimas</span> <span class='ocrx_word' id='word_1_130' title='bbox 458 1072 578 1111; x_wconf 84' lang='lat' dir='ltr'>dotes</span> <span class='ocrx_word' id='word_1_131' title='bbox 612 1069 908 1123; x_wconf 61' lang='lat' dir='ltr'>congestet-ant.</span> <span class='ocrx_word' id='word_1_132' title='bbox 980 1069 1193 1110; x_wconf 73' lang='lat' dir='ltr'>Absolutis</span> <span class='ocrx_word' id='word_1_133' title='bbox 1216 1069 1258 1108; x_wconf 91' lang='lat' dir='ltr'>in</span> <span class='ocrx_word' id='word_1_134' title='bbox 1301 1069 1495 1122; x_wconf 85' lang='lat' dir='ltr'>Collegio</span> <span class='ocrx_word' id='word_1_135' title='bbox 1528 1070 1720 1110; x_wconf 88' lang='lat' dir='ltr'>Romano</span> <span class='ocrx_word' id='word_1_136' title='bbox 1741 1068 1903 1123; x_wconf 79' lang='lat' dir='ltr'>ingenti</span> 
     </span>
     <span class='ocr_line' id='line_1_17' title="bbox 307 1125 1902 1178; baseline -0.001 -10"><span class='ocrx_word' id='word_1_137' title='bbox 307 1141 406 1168; x_wconf 91' lang='lat' dir='ltr'>cum</span> <span class='ocrx_word' id='word_1_138' title='bbox 425 1128 797 1169; x_wconf 78' lang='lat' dir='ltr'>commendatione</span> <span class='ocrx_word' id='word_1_139' title='bbox 822 1126 968 1169; x_wconf 84' lang='lat' dir='ltr'>studiis</span> <span class='ocrx_word' id='word_1_140' title='bbox 994 1157 1005 1178; x_wconf 87' lang='lat'><strong>‚</strong></span> <span class='ocrx_word' id='word_1_141' title='bbox 1035 1130 1160 1167; x_wconf 81' lang='lat' dir='ltr'>Anno</span> <span class='ocrx_word' id='word_1_142' title='bbox 1193 1125 1271 1178; x_wconf 80' lang='lat' dir='ltr'>jam</span> <span class='ocrx_word' id='word_1_143' title='bbox 1291 1125 1421 1167; x_wconf 72' lang='lat' dir='ltr'>aetatis</span> <span class='ocrx_word' id='word_1_144' title='bbox 1452 1126 1605 1167; x_wconf 70' lang='lat' dir='ltr'>o&amp;avo</span> <span class='ocrx_word' id='word_1_145' title='bbox 1634 1127 1674 1168; x_wconf 85' lang='lat'>&amp;</span> <span class='ocrx_word' id='word_1_146' title='bbox 1703 1126 1902 1167; x_wconf 72' lang='lat' dir='ltr'>vicelimo</span> 
     </span>
     <span class='ocr_line' id='line_1_18' title="bbox 307 1183 1902 1240; baseline -0.002 -14"><span class='ocrx_word' id='word_1_147' title='bbox 307 1184 530 1240; x_wconf 86' lang='lat' dir='ltr'>Campililij</span> <span class='ocrx_word' id='word_1_148' title='bbox 571 1185 637 1225; x_wconf 88' lang='lat' dir='ltr'>die</span> <span class='ocrx_word' id='word_1_149' title='bbox 664 1197 724 1231; x_wconf 80' lang='grc' dir='ltr'>ις.</span> <span class='ocrx_word' id='word_1_150' title='bbox 758 1186 992 1225; x_wconf 84' lang='lat' dir='ltr'>Novembr.</span> <span class='ocrx_word' id='word_1_151' title='bbox 1020 1189 1145 1225; x_wconf 87' lang='lat' dir='ltr'>Anno</span> <span class='ocrx_word' id='word_1_152' title='bbox 1174 1183 1550 1226; x_wconf 75' lang='lat' dir='ltr'>MDCXXXVIH.</span> <span class='ocrx_word' id='word_1_153' title='bbox 1589 1186 1724 1225; x_wconf 84' lang='lat' dir='ltr'>Abbas</span> <span class='ocrx_word' id='word_1_154' title='bbox 1751 1184 1902 1225; x_wconf 60' lang='lat' dir='ltr'>electus</span> 
     </span>
     <span class='ocr_line' id='line_1_19' title="bbox 307 1240 1902 1297; baseline -0.001 -14"><span class='ocrx_word' id='word_1_155' title='bbox 307 1244 378 1286; x_wconf 85' lang='lat' dir='ltr'>est.</span> <span class='ocrx_word' id='word_1_156' title='bbox 436 1245 538 1283; x_wconf 81' lang='lat' dir='ltr'>Tam</span> <span class='ocrx_word' id='word_1_157' title='bbox 561 1240 723 1294; x_wconf 72' lang='lat' dir='ltr'>iuvenis</span> <span class='ocrx_word' id='word_1_158' title='bbox 746 1249 885 1281; x_wconf 83' lang='lat' dir='ltr'>tamen</span> <span class='ocrx_word' id='word_1_159' title='bbox 903 1240 996 1281; x_wconf 81' lang='lat' dir='ltr'>Viri</span> <span class='ocrx_word' id='word_1_160' title='bbox 1025 1242 1160 1282; x_wconf 88' lang='lat' dir='ltr'>virtus</span> <span class='ocrx_word' id='word_1_161' title='bbox 1187 1257 1232 1282; x_wconf 87' lang='lat' dir='ltr'>ac</span> <span class='ocrx_word' id='word_1_162' title='bbox 1247 1242 1394 1282; x_wconf 86' lang='lat' dir='ltr'>merita</span> <span class='ocrx_word' id='word_1_163' title='bbox 1419 1243 1539 1297; x_wconf 73' lang='lat' dir='ltr'>aeque</span> <span class='ocrx_word' id='word_1_164' title='bbox 1566 1242 1753 1296; x_wconf 87' lang='lat' dir='ltr'>pauculis</span> <span class='ocrx_word' id='word_1_165' title='bbox 1783 1242 1902 1282; x_wconf 86' lang='lat' dir='ltr'>lineis</span> 
     </span>
     <span class='ocr_line' id='line_1_20' title="bbox 304 1298 1897 1349; baseline 0 -9"><span class='ocrx_word' id='word_1_166' title='bbox 304 1300 501 1341; x_wconf 67' lang='lat' dir='ltr'>insinuari</span> <span class='ocrx_word' id='word_1_167' title='bbox 522 1302 543 1338; x_wconf 75' lang='lat' dir='ltr'>a</span> <span class='ocrx_word' id='word_1_168' title='bbox 565 1298 688 1338; x_wconf 87' lang='lat' dir='ltr'>nobis</span> <span class='ocrx_word' id='word_1_169' title='bbox 717 1298 892 1337; x_wconf 76' lang='lat' dir='ltr'>minime</span> <span class='ocrx_word' id='word_1_170' title='bbox 912 1300 1068 1338; x_wconf 86' lang='lat' dir='ltr'>ferunt.</span> <span class='ocrx_word' id='word_1_171' title='bbox 1128 1299 1387 1339; x_wconf 86' lang='lat' dir='ltr'>Vicariatum</span> <span class='ocrx_word' id='word_1_172' title='bbox 1407 1329 1419 1349; x_wconf 79' lang='lat'>‚</span> <span class='ocrx_word' id='word_1_173' title='bbox 1447 1315 1492 1340; x_wconf 86' lang='lat' dir='ltr'>ac</span> <span class='ocrx_word' id='word_1_174' title='bbox 1510 1298 1897 1341; x_wconf 78' lang='lat' dir='ltr'>Commiffariatum</span> 
     </span>
     <span class='ocr_line' id='line_1_21' title="bbox 304 1355 1901 1409; baseline 0.001 -12"><span class='ocrx_word' id='word_1_175' title='bbox 304 1356 477 1397; x_wconf 83' lang='lat' dir='ltr'>Ordinis</span> <span class='ocrx_word' id='word_1_176' title='bbox 504 1365 578 1409; x_wconf 84' lang='lat' dir='ltr'>per</span> <span class='ocrx_word' id='word_1_177' title='bbox 600 1355 808 1395; x_wconf 77' lang='lat' dir='ltr'>Austriam</span> <span class='ocrx_word' id='word_1_178' title='bbox 831 1385 842 1405; x_wconf 89' lang='lat'><em>‚</em></span> <span class='ocrx_word' id='word_1_179' title='bbox 875 1357 1103 1409; x_wconf 70' lang='lat' dir='ltr'>utramque</span> <span class='ocrx_word' id='word_1_180' title='bbox 1127 1356 1340 1396; x_wconf 80' lang='lat' dir='ltr'>Bavariam</span> <span class='ocrx_word' id='word_1_181' title='bbox 1365 1386 1376 1403; x_wconf 88' lang='lat'><strong>‚</strong></span> <span class='ocrx_word' id='word_1_182' title='bbox 1408 1357 1707 1407; x_wconf 80' lang='lat' dir='ltr'>Palatinatum,</span> <span class='ocrx_word' id='word_1_183' title='bbox 1736 1357 1901 1398; x_wconf 67' lang='lat' dir='ltr'>totum-</span> 
     </span>
     <span class='ocr_line' id='line_1_22' title="bbox 301 1413 1901 1468; baseline -0.001 -14"><span class='ocrx_word' id='word_1_184' title='bbox 301 1427 386 1468; x_wconf 90' lang='lat' dir='ltr'>que</span> <span class='ocrx_word' id='word_1_185' title='bbox 412 1416 649 1455; x_wconf 83' lang='lat' dir='ltr'>Romanum</span> <span class='ocrx_word' id='word_1_186' title='bbox 667 1413 903 1466; x_wconf 84' lang='lat' dir='ltr'>Imperium</span> <span class='ocrx_word' id='word_1_187' title='bbox 927 1414 1117 1467; x_wconf 84' lang='lat' dir='ltr'>repetitis</span> <span class='ocrx_word' id='word_1_188' title='bbox 1138 1413 1294 1466; x_wconf 87' lang='lat' dir='ltr'>pariter</span> <span class='ocrx_word' id='word_1_189' title='bbox 1311 1413 1476 1454; x_wconf 82' lang='lat' dir='ltr'>vicibus</span> <span class='ocrx_word' id='word_1_190' title='bbox 1488 1413 1561 1453; x_wconf 87' lang='lat' dir='ltr'>fibi</span> <span class='ocrx_word' id='word_1_191' title='bbox 1574 1415 1723 1455; x_wconf 88' lang='lat' dir='ltr'>habuit</span> <span class='ocrx_word' id='word_1_192' title='bbox 1734 1417 1901 1455; x_wconf 86' lang='lat' dir='ltr'>deman.</span> 
     </span>
     <span class='ocr_line' id='line_1_23' title="bbox 302 1471 1901 1524; baseline -0.001 -11"><span class='ocrx_word' id='word_1_193' title='bbox 302 1476 462 1514; x_wconf 87' lang='lat' dir='ltr'>datum.</span> <span class='ocrx_word' id='word_1_194' title='bbox 516 1471 766 1511; x_wconf 88' lang='lat' dir='ltr'>Inclitorum</span> <span class='ocrx_word' id='word_1_195' title='bbox 800 1471 983 1512; x_wconf 85' lang='lat' dir='ltr'>statuum</span> <span class='ocrx_word' id='word_1_196' title='bbox 1014 1471 1340 1512; x_wconf 76' lang='lat' dir='ltr'>Provincialium</span> <span class='ocrx_word' id='word_1_197' title='bbox 1362 1485 1452 1511; x_wconf 86' lang='lat' dir='ltr'>non</span> <span class='ocrx_word' id='word_1_198' title='bbox 1473 1471 1614 1512; x_wconf 61' lang='lat' dir='ltr'>minsis</span> <span class='ocrx_word' id='word_1_199' title='bbox 1636 1481 1723 1512; x_wconf 83' lang='lat' dir='ltr'>erat</span> <span class='ocrx_word' id='word_1_200' title='bbox 1752 1473 1901 1524; x_wconf 87' lang='lat' dir='ltr'>Depu-</span> 
     </span>
     <span class='ocr_line' id='line_1_24' title="bbox 305 1528 1900 1571; baseline -0.001 0"><span class='ocrx_word' id='word_1_201' title='bbox 305 1540 418 1571; x_wconf 89' lang='lat' dir='ltr'>tatus</span> <span class='ocrx_word' id='word_1_202' title='bbox 444 1528 706 1570; x_wconf 74' lang='lat' dir='ltr'>OrdinariuS.</span> <span class='ocrx_word' id='word_1_203' title='bbox 766 1530 937 1569; x_wconf 86' lang='lat' dir='ltr'>Summa</span> <span class='ocrx_word' id='word_1_204' title='bbox 972 1531 1145 1570; x_wconf 86' lang='lat' dir='ltr'>laudum</span> <span class='ocrx_word' id='word_1_205' title='bbox 1186 1531 1353 1569; x_wconf 88' lang='lat' dir='ltr'>suarum</span> <span class='ocrx_word' id='word_1_206' title='bbox 1394 1531 1480 1569; x_wconf 81' lang='lat' dir='ltr'>haec</span> <span class='ocrx_word' id='word_1_207' title='bbox 1509 1528 1579 1570; x_wconf 90' lang='lat' dir='ltr'>est.</span> <span class='ocrx_word' id='word_1_208' title='bbox 1637 1531 1750 1570; x_wconf 79' lang='lat' dir='ltr'>Cum</span> <span class='ocrx_word' id='word_1_209' title='bbox 1776 1532 1900 1570; x_wconf 82' lang='lat' dir='ltr'>Anno</span> 
     </span>
     <span class='ocr_line' id='line_1_25' title="bbox 305 1586 1901 1640; baseline -0.001 -11"><span class='ocrx_word' id='word_1_210' title='bbox 305 1589 570 1629; x_wconf 85' lang='lat' dir='ltr'>MDCXLV.</span> <span class='ocrx_word' id='word_1_211' title='bbox 601 1589 702 1627; x_wconf 80' lang='lat' dir='ltr'>caeso</span> <span class='ocrx_word' id='word_1_212' title='bbox 734 1587 1006 1640; x_wconf 82' lang='lat' dir='ltr'>Imperatoris</span> <span class='ocrx_word' id='word_1_213' title='bbox 1039 1587 1226 1628; x_wconf 71' lang='lat' dir='ltr'>exercitu</span> <span class='ocrx_word' id='word_1_214' title='bbox 1257 1587 1408 1628; x_wconf 79' lang='lat' dir='ltr'>milites</span> <span class='ocrx_word' id='word_1_215' title='bbox 1443 1586 1605 1636; x_wconf 82' lang='lat' dir='ltr'>nostri,</span> <span class='ocrx_word' id='word_1_216' title='bbox 1644 1587 1666 1627; x_wconf 77' lang='grc' dir='ltr'>ὲ</span> <span class='ocrx_word' id='word_1_217' title='bbox 1701 1587 1901 1628; x_wconf 84' lang='lat' dir='ltr'>Bohemia</span> 
     </span>
     <span class='ocr_line' id='line_1_26' title="bbox 307 1643 1899 1701; baseline -0.001 -14"><span class='ocrx_word' id='word_1_218' title='bbox 307 1646 511 1701; x_wconf 82' lang='lat' dir='ltr'>profugi,</span> <span class='ocrx_word' id='word_1_219' title='bbox 544 1646 626 1685; x_wconf 78' lang='lat' dir='ltr'>{ine</span> <span class='ocrx_word' id='word_1_220' title='bbox 655 1646 783 1694; x_wconf 84' lang='lat' dir='ltr'>duce,</span> <span class='ocrx_word' id='word_1_221' title='bbox 818 1647 899 1685; x_wconf 78' lang='lat' dir='ltr'>line</span> <span class='ocrx_word' id='word_1_222' title='bbox 921 1646 1008 1698; x_wconf 76' lang='lat' dir='ltr'>iege</span> <span class='ocrx_word' id='word_1_223' title='bbox 1029 1675 1041 1695; x_wconf 87' lang='lat'>,</span> <span class='ocrx_word' id='word_1_224' title='bbox 1074 1659 1149 1698; x_wconf 90' lang='lat' dir='ltr'>per</span> <span class='ocrx_word' id='word_1_225' title='bbox 1179 1645 1386 1686; x_wconf 86' lang='lat' dir='ltr'>Austriam</span> <span class='ocrx_word' id='word_1_226' title='bbox 1407 1643 1547 1686; x_wconf 87' lang='lat' dir='ltr'>hostili</span> <span class='ocrx_word' id='word_1_227' title='bbox 1571 1645 1705 1686; x_wconf 87' lang='lat' dir='ltr'>veluti</span> <span class='ocrx_word' id='word_1_228' title='bbox 1732 1645 1899 1687; x_wconf 82' lang='lat' dir='ltr'>licentia</span> 
     </span>
     <span class='ocr_line' id='line_1_27' title="bbox 308 1701 1903 1759; baseline -0.001 -13"><span class='ocrx_word' id='word_1_229' title='bbox 308 1707 496 1759; x_wconf 86' lang='lat' dir='ltr'>palarent</span> <span class='ocrx_word' id='word_1_230' title='bbox 514 1734 526 1754; x_wconf 87' lang='lat'>,</span> <span class='ocrx_word' id='word_1_231' title='bbox 558 1703 713 1743; x_wconf 87' lang='lat' dir='ltr'>nullius</span> <span class='ocrx_word' id='word_1_232' title='bbox 733 1703 908 1744; x_wconf 86' lang='lat' dir='ltr'>monitis</span> <span class='ocrx_word' id='word_1_233' title='bbox 927 1706 992 1743; x_wconf 84' lang='lat' dir='ltr'>vel</span> <span class='ocrx_word' id='word_1_234' title='bbox 1015 1703 1208 1758; x_wconf 82' lang='lat' dir='ltr'>precibus</span> <span class='ocrx_word' id='word_1_235' title='bbox 1225 1712 1417 1757; x_wconf 84' lang='lat' dir='ltr'>parentes</span> <span class='ocrx_word' id='word_1_236' title='bbox 1434 1733 1446 1753; x_wconf 87' lang='lat'>‚</span> <span class='ocrx_word' id='word_1_237' title='bbox 1477 1701 1659 1744; x_wconf 57' lang='lat' dir='ltr'>victores</span> <span class='ocrx_word' id='word_1_238' title='bbox 1677 1703 1783 1744; x_wconf 78' lang='lat' dir='ltr'>vero</span> <span class='ocrx_word' id='word_1_239' title='bbox 1802 1705 1903 1744; x_wconf 88' lang='lat' dir='ltr'>Sue-</span> 
     </span>
     <span class='ocr_line' id='line_1_28' title="bbox 307 1759 1899 1816; baseline -0.001 -12"><span class='ocrx_word' id='word_1_240' title='bbox 307 1764 344 1804; x_wconf 91' lang='lat' dir='ltr'>ci</span> <span class='ocrx_word' id='word_1_241' title='bbox 372 1766 394 1804; x_wconf 77' lang='lat' dir='ltr'>a</span> <span class='ocrx_word' id='word_1_242' title='bbox 413 1771 535 1816; x_wconf 85' lang='lat' dir='ltr'>tergo</span> <span class='ocrx_word' id='word_1_243' title='bbox 557 1761 757 1803; x_wconf 86' lang='lat' dir='ltr'>instarent</span> <span class='ocrx_word' id='word_1_244' title='bbox 776 1792 788 1812; x_wconf 86' lang='lat'>‚</span> <span class='ocrx_word' id='word_1_245' title='bbox 818 1775 896 1803; x_wconf 86' lang='lat' dir='ltr'>nec</span> <span class='ocrx_word' id='word_1_246' title='bbox 930 1759 1029 1802; x_wconf 74' lang='lat' dir='ltr'>esset</span> <span class='ocrx_word' id='word_1_247' title='bbox 1067 1761 1277 1815; x_wconf 83' lang='lat' dir='ltr'>quispiam</span> <span class='ocrx_word' id='word_1_248' title='bbox 1304 1761 1379 1814; x_wconf 88' lang='lat' dir='ltr'>qui</span> <span class='ocrx_word' id='word_1_249' title='bbox 1407 1759 1721 1814; x_wconf 84' lang='lat' dir='ltr'>praesentiffimo</span> <span class='ocrx_word' id='word_1_250' title='bbox 1755 1761 1899 1802; x_wconf 87' lang='lat' dir='ltr'>Patriae</span> 
     </span>
     <span class='ocr_line' id='line_1_29' title="bbox 309 1818 1901 1871; baseline -0.002 -9"><span class='ocrx_word' id='word_1_251' title='bbox 309 1820 534 1862; x_wconf 83' lang='lat' dir='ltr'>discrimini</span> <span class='ocrx_word' id='word_1_252' title='bbox 557 1819 711 1861; x_wconf 88' lang='lat' dir='ltr'>mederi</span> <span class='ocrx_word' id='word_1_253' title='bbox 739 1820 865 1860; x_wconf 84' lang='lat' dir='ltr'>vellet</span> <span class='ocrx_word' id='word_1_254' title='bbox 883 1850 895 1869; x_wconf 89' lang='lat'>,</span> <span class='ocrx_word' id='word_1_255' title='bbox 925 1818 1009 1860; x_wconf 76' lang='lat' dir='ltr'>five</span> <span class='ocrx_word' id='word_1_256' title='bbox 1032 1821 1204 1860; x_wconf 83' lang='lat' dir='ltr'>auderet</span> <span class='ocrx_word' id='word_1_257' title='bbox 1231 1830 1241 1858; x_wconf 75' lang='grc' dir='ltr'>ε</span> <span class='ocrx_word' id='word_1_258' title='bbox 1270 1819 1395 1859; x_wconf 71' lang='lat' dir='ltr'>enixe</span> <span class='ocrx_word' id='word_1_259' title='bbox 1417 1818 1654 1871; x_wconf 87' lang='lat' dir='ltr'>inploratus</span> <span class='ocrx_word' id='word_1_260' title='bbox 1668 1821 1719 1858; x_wconf 89' lang='lat' dir='ltr'>ab</span> <span class='ocrx_word' id='word_1_261' title='bbox 1743 1819 1901 1859; x_wconf 83' lang='lat' dir='ltr'>Inclitis</span> 
     </span>
     <span class='ocr_line' id='line_1_30' title="bbox 310 1874 1904 1930; baseline -0.003 -9"><span class='ocrx_word' id='word_1_262' title='bbox 310 1879 482 1921; x_wconf 85' lang='lat' dir='ltr'>statibus</span> <span class='ocrx_word' id='word_1_263' title='bbox 499 1876 645 1918; x_wconf 84' lang='lat' dir='ltr'>Praesul</span> <span class='ocrx_word' id='word_1_264' title='bbox 669 1877 830 1927; x_wconf 85' lang='lat' dir='ltr'>noster,</span> <span class='ocrx_word' id='word_1_265' title='bbox 860 1879 1096 1918; x_wconf 86' lang='lat' dir='ltr'>decumano</span> <span class='ocrx_word' id='word_1_266' title='bbox 1123 1877 1266 1918; x_wconf 85' lang='lat' dir='ltr'>animo</span> <span class='ocrx_word' id='word_1_267' title='bbox 1283 1890 1451 1917; x_wconf 81' lang='lat' dir='ltr'>arenam</span> <span class='ocrx_word' id='word_1_268' title='bbox 1469 1874 1669 1930; x_wconf 72' lang='lat' dir='ltr'>ingr-effus</span> <span class='ocrx_word' id='word_1_269' title='bbox 1687 1904 1700 1925; x_wconf 86' lang='lat'>‚</span> <span class='ocrx_word' id='word_1_270' title='bbox 1721 1878 1904 1917; x_wconf 81' lang='lat' dir='ltr'>Annona</span> 
     </span>
     <span class='ocr_line' id='line_1_31' title="bbox 310 1933 1901 1989; baseline -0.003 -11"><span class='ocrx_word' id='word_1_271' title='bbox 310 1938 350 1978; x_wconf 87' lang='lat'>&amp;</span> <span class='ocrx_word' id='word_1_272' title='bbox 380 1935 594 1988; x_wconf 85' lang='lat' dir='ltr'>stipendiis</span> <span class='ocrx_word' id='word_1_273' title='bbox 614 1936 636 1975; x_wconf 83' lang='grc' dir='ltr'>ὲ</span> <span class='ocrx_word' id='word_1_274' title='bbox 657 1935 894 1989; x_wconf 77' lang='lat' dir='ltr'>Monasterij</span> <span class='ocrx_word' id='word_1_275' title='bbox 917 1934 1142 1976; x_wconf 82' lang='lat' dir='ltr'>substantia</span> <span class='ocrx_word' id='word_1_276' title='bbox 1160 1935 1363 1984; x_wconf 65' lang='lat' dir='ltr'>comestis,</span> <span class='ocrx_word' id='word_1_277' title='bbox 1383 1934 1611 1988; x_wconf 88' lang='lat' dir='ltr'>dispersum</span> <span class='ocrx_word' id='word_1_278' title='bbox 1634 1933 1812 1975; x_wconf 86' lang='lat' dir='ltr'>militem</span> <span class='ocrx_word' id='word_1_279' title='bbox 1825 1948 1901 1988; x_wconf 89' lang='lat' dir='ltr'>per</span> 
     </span>
     <span class='ocr_line' id='line_1_32' title="bbox 308 1990 1901 2048; baseline -0.001 -13"><span class='ocrx_word' id='word_1_280' title='bbox 308 1997 350 2035; x_wconf 87' lang='lat' dir='ltr'>se</span> <span class='ocrx_word' id='word_1_281' title='bbox 377 1994 512 2048; x_wconf 83' lang='lat' dir='ltr'>ipsum</span> <span class='ocrx_word' id='word_1_282' title='bbox 526 1990 729 2047; x_wconf 69' lang='lat' dir='ltr'>aggressus</span> <span class='ocrx_word' id='word_1_283' title='bbox 749 2022 762 2043; x_wconf 93' lang='lat'>,</span> <span class='ocrx_word' id='word_1_284' title='bbox 791 1992 1090 2034; x_wconf 85' lang='lat' dir='ltr'>adhortatione</span> <span class='ocrx_word' id='word_1_285' title='bbox 1118 2022 1130 2043; x_wconf 94' lang='lat'>‚</span> <span class='ocrx_word' id='word_1_286' title='bbox 1160 1991 1476 2041; x_wconf 82' lang='lat' dir='ltr'>obsecratione,</span> <span class='ocrx_word' id='word_1_287' title='bbox 1500 1990 1626 2032; x_wconf 88' lang='lat' dir='ltr'>minis</span> <span class='ocrx_word' id='word_1_288' title='bbox 1649 2020 1661 2040; x_wconf 89' lang='lat'>,</span> <span class='ocrx_word' id='word_1_289' title='bbox 1690 2006 1901 2034; x_wconf 88' lang='lat' dir='ltr'>commea-</span> 
     </span>
     <span class='ocr_line' id='line_1_33' title="bbox 310 2050 1902 2104; baseline -0.001 -11"><span class='ocrx_word' id='word_1_290' title='bbox 310 2061 359 2093; x_wconf 90' lang='lat' dir='ltr'>tu</span> <span class='ocrx_word' id='word_1_291' title='bbox 378 2081 390 2100; x_wconf 90' lang='lat'>,</span> <span class='ocrx_word' id='word_1_292' title='bbox 423 2052 461 2093; x_wconf 87' lang='lat'>&amp;</span> <span class='ocrx_word' id='word_1_293' title='bbox 485 2050 663 2104; x_wconf 89' lang='lat' dir='ltr'>pecunia</span> <span class='ocrx_word' id='word_1_294' title='bbox 690 2051 852 2092; x_wconf 89' lang='lat' dir='ltr'>tamdiu</span> <span class='ocrx_word' id='word_1_295' title='bbox 899 2053 1078 2104; x_wconf 84' lang='lat' dir='ltr'>urgebat</span> <span class='ocrx_word' id='word_1_296' title='bbox 1101 2080 1113 2100; x_wconf 89' lang='lat'>,</span> <span class='ocrx_word' id='word_1_297' title='bbox 1143 2062 1189 2092; x_wconf 86' lang='lat' dir='ltr'>ac</span> <span class='ocrx_word' id='word_1_298' title='bbox 1222 2051 1503 2103; x_wconf 82' lang='lat' dir='ltr'>perurgebat,</span> <span class='ocrx_word' id='word_1_299' title='bbox 1532 2051 1773 2103; x_wconf 87' lang='lat' dir='ltr'>usquedum</span> <span class='ocrx_word' id='word_1_300' title='bbox 1801 2064 1902 2091; x_wconf 88' lang='lat' dir='ltr'>eum</span> 
     </span>
     <span class='ocr_line' id='line_1_34' title="bbox 312 2106 1901 2164; baseline -0.002 -13"><span class='ocrx_word' id='word_1_301' title='bbox 312 2109 527 2164; x_wconf 83' lang='lat' dir='ltr'>colligeret</span> <span class='ocrx_word' id='word_1_302' title='bbox 545 2140 556 2158; x_wconf 88' lang='lat'>‚</span> <span class='ocrx_word' id='word_1_303' title='bbox 586 2106 838 2162; x_wconf 76' lang='lat' dir='ltr'>novumque</span> <span class='ocrx_word' id='word_1_304' title='bbox 864 2108 1106 2149; x_wconf 76' lang='lat' dir='ltr'>Exercitum</span> <span class='ocrx_word' id='word_1_305' title='bbox 1128 2108 1403 2148; x_wconf 81' lang='lat' dir='ltr'>instauraret:</span> <span class='ocrx_word' id='word_1_306' title='bbox 1432 2106 1501 2148; x_wconf 88' lang='lat' dir='ltr'>cui</span> <span class='ocrx_word' id='word_1_307' title='bbox 1528 2106 1678 2148; x_wconf 86' lang='lat' dir='ltr'>deinde</span> <span class='ocrx_word' id='word_1_308' title='bbox 1694 2106 1901 2148; x_wconf 82' lang='lat' dir='ltr'>Sereniffi-</span> 
     </span>
     <span class='ocr_line' id='line_1_35' title="bbox 307 2164 1899 2220; baseline -0.003 -10"><span class='ocrx_word' id='word_1_309' title='bbox 307 2182 402 2210; x_wconf 89' lang='lat' dir='ltr'>mus</span> <span class='ocrx_word' id='word_1_310' title='bbox 425 2168 639 2208; x_wconf 67' lang='lat' dir='ltr'>Archidux</span> <span class='ocrx_word' id='word_1_311' title='bbox 664 2166 882 2207; x_wconf 80' lang='lat' dir='ltr'>Guiltelmus</span> <span class='ocrx_word' id='word_1_312' title='bbox 898 2195 910 2215; x_wconf 93' lang='lat'><strong>‚</strong></span> <span class='ocrx_word' id='word_1_313' title='bbox 942 2165 1121 2219; x_wconf 85' lang='lat' dir='ltr'>receptis</span> <span class='ocrx_word' id='word_1_314' title='bbox 1140 2178 1193 2205; x_wconf 80' lang='lat' dir='ltr'>ex</span> <span class='ocrx_word' id='word_1_315' title='bbox 1207 2164 1899 2220; x_wconf 78' lang='lat' dir='ltr'>Hungariasubfidiariis,praeeffe,</span> 
     </span>
     <span class='ocr_line' id='line_1_36' title="bbox 304 2221 1902 2280; baseline -0.003 -13"><span class='ocrx_word' id='word_1_316' title='bbox 304 2225 556 2280; x_wconf 70' lang='lat' dir='ltr'>hostemque</span> <span class='ocrx_word' id='word_1_317' title='bbox 579 2254 589 2273; x_wconf 91' lang='lat'>,</span> <span class='ocrx_word' id='word_1_318' title='bbox 623 2233 671 2265; x_wconf 85' lang='lat' dir='ltr'>ut</span> <span class='ocrx_word' id='word_1_319' title='bbox 708 2224 909 2272; x_wconf 78' lang='lat' dir='ltr'>Patriam,</span> <span class='ocrx_word' id='word_1_320' title='bbox 942 2225 1114 2265; x_wconf 78' lang='lat' dir='ltr'>exlaeva</span> <span class='ocrx_word' id='word_1_321' title='bbox 1157 2221 1342 2274; x_wconf 73' lang='lat' dir='ltr'>Danubii</span> <span class='ocrx_word' id='word_1_322' title='bbox 1371 2231 1489 2276; x_wconf 86' lang='lat' dir='ltr'>parte</span> <span class='ocrx_word' id='word_1_323' title='bbox 1529 2230 1667 2264; x_wconf 86' lang='lat' dir='ltr'>totam</span> <span class='ocrx_word' id='word_1_324' title='bbox 1696 2221 1775 2276; x_wconf 75' lang='lat' dir='ltr'>jam</span> <span class='ocrx_word' id='word_1_325' title='bbox 1817 2225 1902 2267; x_wconf 75' lang='lat' dir='ltr'>fere</span> 
     </span>
     <span class='ocr_line' id='line_1_37' title="bbox 306 2279 1903 2336; baseline -0.001 -12"><span class='ocrx_word' id='word_1_326' title='bbox 306 2295 556 2336; x_wconf 84' lang='lat' dir='ltr'>occupatam</span> <span class='ocrx_word' id='word_1_327' title='bbox 575 2313 586 2332; x_wconf 87' lang='lat'>‚</span> <span class='ocrx_word' id='word_1_328' title='bbox 618 2282 790 2323; x_wconf 85' lang='lat' dir='ltr'>festinus</span> <span class='ocrx_word' id='word_1_329' title='bbox 818 2282 1042 2330; x_wconf 86' lang='lat' dir='ltr'>desereret,</span> <span class='ocrx_word' id='word_1_330' title='bbox 1073 2280 1236 2333; x_wconf 74' lang='lat' dir='ltr'>adigere</span> <span class='ocrx_word' id='word_1_331' title='bbox 1265 2280 1412 2334; x_wconf 81' lang='lat' dir='ltr'>posset.</span> <span class='ocrx_word' id='word_1_332' title='bbox 1466 2279 1531 2322; x_wconf 87' lang='lat' dir='ltr'>Sic</span> <span class='ocrx_word' id='word_1_333' title='bbox 1561 2295 1607 2322; x_wconf 89' lang='lat' dir='ltr'>ea</span> <span class='ocrx_word' id='word_1_334' title='bbox 1643 2281 1903 2333; x_wconf 75' lang='lat' dir='ltr'>periculoffl-</span> 
     </span>
     <span class='ocr_line' id='line_1_38' title="bbox 307 2339 1901 2393; baseline -0.001 -12"><span class='ocrx_word' id='word_1_335' title='bbox 307 2343 405 2381; x_wconf 74' lang='lat' dir='ltr'>lima</span> <span class='ocrx_word' id='word_1_336' title='bbox 423 2341 670 2393; x_wconf 79' lang='lat' dir='ltr'>tempestate</span> <span class='ocrx_word' id='word_1_337' title='bbox 688 2352 796 2379; x_wconf 86' lang='lat' dir='ltr'>unus</span> <span class='ocrx_word' id='word_1_338' title='bbox 815 2340 958 2379; x_wconf 68' lang='lat' dir='ltr'>Przesul</span> <span class='ocrx_word' id='word_1_339' title='bbox 978 2339 1297 2390; x_wconf 80' lang='lat' dir='ltr'>Campililienfis</span> <span class='ocrx_word' id='word_1_340' title='bbox 1317 2339 1495 2380; x_wconf 85' lang='lat' dir='ltr'>Patriam</span> <span class='ocrx_word' id='word_1_341' title='bbox 1524 2339 1719 2381; x_wconf 76' lang='lat' dir='ltr'>servavit.</span> <span class='ocrx_word' id='word_1_342' title='bbox 1774 2340 1901 2379; x_wconf 86' lang='lat' dir='ltr'>Cam-</span> 
     </span>
     <span class='ocr_line' id='line_1_39' title="bbox 308 2395 1902 2452; baseline -0.001 -13"><span class='ocrx_word' id='word_1_343' title='bbox 308 2399 529 2452; x_wconf 85' lang='lat' dir='ltr'>pililiosuo</span> <span class='ocrx_word' id='word_1_344' title='bbox 552 2396 807 2437; x_wconf 86' lang='lat' dir='ltr'>Dominium</span> <span class='ocrx_word' id='word_1_345' title='bbox 838 2395 1121 2436; x_wconf 85' lang='lat' dir='ltr'>Dirnbacense</span> <span class='ocrx_word' id='word_1_346' title='bbox 1140 2406 1251 2436; x_wconf 83' lang='lat' dir='ltr'>trans</span> <span class='ocrx_word' id='word_1_347' title='bbox 1270 2397 1556 2438; x_wconf 82' lang='lat' dir='ltr'>danubianum</span> <span class='ocrx_word' id='word_1_348' title='bbox 1574 2428 1586 2448; x_wconf 85' lang='lat'>‚</span> <span class='ocrx_word' id='word_1_349' title='bbox 1615 2410 1798 2439; x_wconf 86' lang='lat' dir='ltr'>unacum</span> <span class='ocrx_word' id='word_1_350' title='bbox 1822 2399 1902 2437; x_wconf 88' lang='lat' dir='ltr'>Bo-</span> 
     </span>
     <span class='ocr_line' id='line_1_40' title="bbox 306 2453 1900 2508; baseline -0.001 -12"><span class='ocrx_word' id='word_1_351' title='bbox 306 2471 365 2496; x_wconf 90' lang='lat' dir='ltr'>no</span> <span class='ocrx_word' id='word_1_352' title='bbox 386 2456 601 2508; x_wconf 79' lang='lat' dir='ltr'>Beigarten</span> <span class='ocrx_word' id='word_1_353' title='bbox 617 2485 628 2503; x_wconf 85' lang='lat'><strong>‚</strong></span> <span class='ocrx_word' id='word_1_354' title='bbox 657 2454 848 2495; x_wconf 85' lang='lat' dir='ltr'>emtione</span> <span class='ocrx_word' id='word_1_355' title='bbox 868 2453 1027 2505; x_wconf 78' lang='lat' dir='ltr'>adjecit.</span> <span class='ocrx_word' id='word_1_356' title='bbox 1082 2455 1129 2494; x_wconf 92' lang='lat' dir='ltr'>In</span> <span class='ocrx_word' id='word_1_357' title='bbox 1160 2456 1311 2495; x_wconf 87' lang='lat' dir='ltr'>Monte</span> <span class='ocrx_word' id='word_1_358' title='bbox 1333 2456 1371 2497; x_wconf 87' lang='lat' dir='ltr'>S.</span> <span class='ocrx_word' id='word_1_359' title='bbox 1400 2457 1531 2495; x_wconf 81' lang='lat' dir='ltr'>Annae</span> <span class='ocrx_word' id='word_1_360' title='bbox 1550 2484 1561 2504; x_wconf 85' lang='lat'>‚</span> <span class='ocrx_word' id='word_1_361' title='bbox 1576 2456 1625 2496; x_wconf 89' lang='lat' dir='ltr'>ad</span> <span class='ocrx_word' id='word_1_362' title='bbox 1638 2469 1900 2508; x_wconf 86' lang='lat' dir='ltr'>promoven-</span> 
     </span>
     <span class='ocr_line' id='line_1_41' title="bbox 308 2511 1900 2565; baseline -0.001 -11"><span class='ocrx_word' id='word_1_363' title='bbox 308 2516 403 2554; x_wconf 89' lang='lat' dir='ltr'>dam</span> <span class='ocrx_word' id='word_1_364' title='bbox 427 2514 721 2560; x_wconf 87' lang='lat' dir='ltr'>devotionem,</span> <span class='ocrx_word' id='word_1_365' title='bbox 741 2514 1012 2553; x_wconf 88' lang='lat' dir='ltr'>commodam</span> <span class='ocrx_word' id='word_1_366' title='bbox 1037 2511 1248 2565; x_wconf 73' lang='lat' dir='ltr'>Religiofis</span> <span class='ocrx_word' id='word_1_367' title='bbox 1266 2511 1458 2565; x_wconf 89' lang='lat' dir='ltr'>pluribus</span> <span class='ocrx_word' id='word_1_368' title='bbox 1470 2512 1779 2552; x_wconf 88' lang='lat' dir='ltr'>habitationem</span> <span class='ocrx_word' id='word_1_369' title='bbox 1797 2525 1900 2552; x_wconf 89' lang='lat' dir='ltr'>con·</span> 
     </span>
     <span class='ocr_line' id='line_1_42' title="bbox 310 2568 1900 2623; baseline -0.003 -10"><span class='ocrx_word' id='word_1_370' title='bbox 310 2571 476 2613; x_wconf 74' lang='lat' dir='ltr'>struxit.</span> <span class='ocrx_word' id='word_1_371' title='bbox 532 2570 704 2610; x_wconf 80' lang='lat' dir='ltr'>Curiam</span> <span class='ocrx_word' id='word_1_372' title='bbox 717 2570 899 2611; x_wconf 86' lang='lat' dir='ltr'>nostram</span> <span class='ocrx_word' id='word_1_373' title='bbox 913 2569 1259 2623; x_wconf 83' lang='lat' dir='ltr'>Cleripolitanam</span> <span class='ocrx_word' id='word_1_374' title='bbox 1285 2569 1477 2610; x_wconf 84' lang='lat' dir='ltr'>AEdiculis</span> <span class='ocrx_word' id='word_1_375' title='bbox 1502 2568 1742 2610; x_wconf 89' lang='lat' dir='ltr'>vinitorum</span> <span class='ocrx_word' id='word_1_376' title='bbox 1759 2569 1900 2611; x_wconf 83' lang='lat' dir='ltr'>dilata-</span> 
     </span>
     <span class='ocr_line' id='line_1_43' title="bbox 309 2622 1898 2678; baseline -0.001 -9"><span class='ocrx_word' id='word_1_377' title='bbox 309 2630 386 2670; x_wconf 88' lang='lat' dir='ltr'>vit.</span> <span class='ocrx_word' id='word_1_378' title='bbox 406 2632 528 2669; x_wconf 83' lang='lat' dir='ltr'>Anno</span> <span class='ocrx_word' id='word_1_379' title='bbox 541 2628 825 2668; x_wconf 84' lang='lat' dir='ltr'>MDCXLIX.</span> <span class='ocrx_word' id='word_1_380' title='bbox 842 2629 1044 2669; x_wconf 67' lang='lat' dir='ltr'>universae</span> <span class='ocrx_word' id='word_1_381' title='bbox 1058 2627 1234 2668; x_wconf 77' lang='lat' dir='ltr'>Viennae</span> <span class='ocrx_word' id='word_1_382' title='bbox 1251 2624 1469 2668; x_wconf 84' lang='lat' dir='ltr'>insolitum</span> <span class='ocrx_word' id='word_1_383' title='bbox 1488 2642 1534 2668; x_wconf 87' lang='lat' dir='ltr'>ac</span> <span class='ocrx_word' id='word_1_384' title='bbox 1554 2622 1898 2678; x_wconf 80' lang='lat' dir='ltr'>jucundiffimum</span> 
     </span>
     <span class='ocr_line' id='line_1_44' title="bbox 300 2685 1898 2741; baseline -0.001 -13"><span class='ocrx_word' id='word_1_385' title='bbox 300 2688 588 2741; x_wconf 65' lang='lat' dir='ltr'>Spestaculum</span> <span class='ocrx_word' id='word_1_386' title='bbox 611 2686 793 2740; x_wconf 80' lang='lat' dir='ltr'>praebuit</span> <span class='ocrx_word' id='word_1_387' title='bbox 812 2716 823 2736; x_wconf 87' lang='lat'><strong>‚</strong></span> <span class='ocrx_word' id='word_1_388' title='bbox 856 2688 956 2727; x_wconf 86' lang='lat' dir='ltr'>dum</span> <span class='ocrx_word' id='word_1_389' title='bbox 976 2685 1019 2726; x_wconf 89' lang='lat' dir='ltr'>in</span> <span class='ocrx_word' id='word_1_390' title='bbox 1045 2688 1160 2726; x_wconf 86' lang='lat' dir='ltr'>Alma</span> <span class='ocrx_word' id='word_1_391' title='bbox 1179 2687 1358 2726; x_wconf 86' lang='lat' dir='ltr'>Caesarea</span> <span class='ocrx_word' id='word_1_392' title='bbox 1381 2685 1660 2726; x_wconf 81' lang='lat' dir='ltr'>Univerlitate</span> <span class='ocrx_word' id='word_1_393' title='bbox 1685 2698 1774 2725; x_wconf 92' lang='lat' dir='ltr'>uno</span> <span class='ocrx_word' id='word_1_394' title='bbox 1792 2686 1898 2726; x_wconf 63' lang='lat' dir='ltr'>Acstu</span> 
     </span>
     <span class='ocr_line' id='line_1_45' title="bbox 301 2742 1898 2798; baseline -0.001 -13"><span class='ocrx_word' id='word_1_395' title='bbox 301 2758 356 2785; x_wconf 77' lang='lat' dir='ltr'>ex</span> <span class='ocrx_word' id='word_1_396' title='bbox 387 2745 514 2786; x_wconf 86' lang='lat' dir='ltr'>unico</span> <span class='ocrx_word' id='word_1_397' title='bbox 546 2744 708 2798; x_wconf 80' lang='lat' dir='ltr'>gremio</span> <span class='ocrx_word' id='word_1_398' title='bbox 741 2746 815 2785; x_wconf 92' lang='lat' dir='ltr'>suo</span> <span class='ocrx_word' id='word_1_399' title='bbox 858 2746 927 2785; x_wconf 80' lang='lat' dir='ltr'>sex</span> <span class='ocrx_word' id='word_1_400' title='bbox 964 2742 1169 2784; x_wconf 85' lang='lat' dir='ltr'>Filiorum</span> <span class='ocrx_word' id='word_1_401' title='bbox 1206 2749 1379 2784; x_wconf 83' lang='lat' dir='ltr'>luorum</span> <span class='ocrx_word' id='word_1_402' title='bbox 1409 2746 1602 2796; x_wconf 82' lang='lat' dir='ltr'>suprema</span> <span class='ocrx_word' id='word_1_403' title='bbox 1639 2743 1898 2784; x_wconf 61' lang='lat' dir='ltr'>Docioratus</span> 
     </span>
     <span class='ocr_line' id='line_1_46' title="bbox 299 2800 1899 2855; baseline -0.001 -11"><span class='ocrx_word' id='word_1_404' title='bbox 299 2803 545 2855; x_wconf 80' lang='lat' dir='ltr'>Theologici</span> <span class='ocrx_word' id='word_1_405' title='bbox 567 2804 718 2842; x_wconf 82' lang='lat' dir='ltr'>Laurea</span> <span class='ocrx_word' id='word_1_406' title='bbox 731 2803 827 2844; x_wconf 79' lang='lat' dir='ltr'>fecit</span> <span class='ocrx_word' id='word_1_407' title='bbox 847 2800 1132 2843; x_wconf 85' lang='lat' dir='ltr'>condecorari.</span> <span class='ocrx_word' id='word_1_408' title='bbox 1189 2802 1391 2851; x_wconf 88' lang='lat' dir='ltr'>Quorum</span> <span class='ocrx_word' id='word_1_409' title='bbox 1408 2804 1459 2842; x_wconf 88' lang='lat' dir='ltr'>ab</span> <span class='ocrx_word' id='word_1_410' title='bbox 1477 2814 1566 2842; x_wconf 91' lang='lat' dir='ltr'>uno</span> <span class='ocrx_word' id='word_1_411' title='bbox 1584 2800 1721 2842; x_wconf 87' lang='lat' dir='ltr'>statim</span> <span class='ocrx_word' id='word_1_412' title='bbox 1746 2803 1899 2842; x_wconf 85' lang='lat' dir='ltr'>eodem</span> 
     </span>
     <span class='ocr_line' id='line_1_47' title="bbox 300 2860 1900 2914; baseline -0.001 -12"><span class='ocrx_word' id='word_1_413' title='bbox 300 2865 427 2902; x_wconf 89' lang='lat' dir='ltr'>Anno</span> <span class='ocrx_word' id='word_1_414' title='bbox 446 2874 527 2914; x_wconf 84' lang='lat' dir='ltr'>pro</span> <span class='ocrx_word' id='word_1_415' title='bbox 549 2860 720 2914; x_wconf 86' lang='lat' dir='ltr'>publico</span> <span class='ocrx_word' id='word_1_416' title='bbox 741 2860 916 2901; x_wconf 85' lang='lat' dir='ltr'>Ordinis</span> <span class='ocrx_word' id='word_1_417' title='bbox 943 2860 1061 2900; x_wconf 88' lang='lat' dir='ltr'>Bono</span> <span class='ocrx_word' id='word_1_418' title='bbox 1086 2862 1328 2914; x_wconf 86' lang='lat' dir='ltr'>praeclarum</span> <span class='ocrx_word' id='word_1_419' title='bbox 1352 2861 1619 2913; x_wconf 82' lang='lat' dir='ltr'>Opusculurn</span> <span class='ocrx_word' id='word_1_420' title='bbox 1641 2889 1652 2909; x_wconf 88' lang='lat'>‚</span> <span class='ocrx_word' id='word_1_421' title='bbox 1686 2860 1752 2900; x_wconf 92' lang='lat' dir='ltr'>cui</span> <span class='ocrx_word' id='word_1_422' title='bbox 1777 2860 1900 2901; x_wconf 88' lang='lat' dir='ltr'>Titu-</span> 
     </span>
     <span class='ocr_line' id='line_1_48' title="bbox 299 2913 1898 2971; baseline -0.001 -11"><span class='ocrx_word' id='word_1_423' title='bbox 299 2921 364 2960; x_wconf 83' lang='lat' dir='ltr'>lus</span> <span class='ocrx_word' id='word_1_424' title='bbox 386 2930 398 2958; x_wconf 73' lang='grc' dir='ltr'><strong><em>ε</em></strong></span> <span class='ocrx_word' id='word_1_425' title='bbox 433 2913 538 2958; x_wconf 67' lang='lat' dir='ltr'>Afflo</span> <span class='ocrx_word' id='word_1_426' title='bbox 559 2918 595 2958; x_wconf 77' lang='lat'>5.</span> <span class='ocrx_word' id='word_1_427' title='bbox 613 2916 768 2958; x_wconf 80' lang='lat' dir='ltr'>Ordmr&#39;s</span> <span class='ocrx_word' id='word_1_428' title='bbox 787 2917 1019 2964; x_wconf 67' lang='lat' dir='ltr'>Cisiercienlis</span> <span class='ocrx_word' id='word_1_429' title='bbox 1043 2920 1080 2959; x_wconf 83' lang='lat' dir='ltr'>in</span> <span class='ocrx_word' id='word_1_430' title='bbox 1103 2921 1240 2960; x_wconf 77' lang='lat' dir='ltr'>Awta</span> <span class='ocrx_word' id='word_1_431' title='bbox 1259 2916 1471 2971; x_wconf 61' lang='lat' dir='ltr'>Hungariae</span> <span class='ocrx_word' id='word_1_432' title='bbox 1497 2915 1766 2964; x_wconf 64' lang='lat' dir='ltr'>Monallrria:</span> <span class='ocrx_word' id='word_1_433' title='bbox 1790 2920 1898 2971; x_wconf 89' lang='lat' dir='ltr'>pub-</span> 
     </span>
     <span class='ocr_line' id='line_1_49' title="bbox 299 2974 1899 3030; baseline -0.001 -13"><span class='ocrx_word' id='word_1_434' title='bbox 299 2977 386 3018; x_wconf 86' lang='lat' dir='ltr'>licis</span> <span class='ocrx_word' id='word_1_435' title='bbox 406 2976 521 3030; x_wconf 78' lang='lat' dir='ltr'>tyois</span> <span class='ocrx_word' id='word_1_436' title='bbox 549 2975 733 3028; x_wconf 70' lang='lat' dir='ltr'>evulgari</span> <span class='ocrx_word' id='word_1_437' title='bbox 755 2974 877 3024; x_wconf 72' lang='lat' dir='ltr'>iussit.</span> <span class='ocrx_word' id='word_1_438' title='bbox 937 2976 1015 3018; x_wconf 74' lang='lat' dir='ltr'>Sed</span> <span class='ocrx_word' id='word_1_439' title='bbox 1041 2977 1159 3018; x_wconf 83' lang='lat' dir='ltr'>ecce!</span> <span class='ocrx_word' id='word_1_440' title='bbox 1183 2975 1227 3017; x_wconf 90' lang='lat' dir='ltr'>in</span> <span class='ocrx_word' id='word_1_441' title='bbox 1248 2975 1390 3016; x_wconf 88' lang='lat' dir='ltr'>medio</span> <span class='ocrx_word' id='word_1_442' title='bbox 1411 2984 1536 3017; x_wconf 81' lang='lat' dir='ltr'>tantae</span> <span class='ocrx_word' id='word_1_443' title='bbox 1551 2974 1693 3029; x_wconf 86' lang='lat' dir='ltr'>gloriae</span> <span class='ocrx_word' id='word_1_444' title='bbox 1713 2977 1792 3016; x_wconf 80' lang='lat' dir='ltr'>suae</span> <span class='ocrx_word' id='word_1_445' title='bbox 1804 2990 1899 3016; x_wconf 89' lang='lat' dir='ltr'>cur-</span> 
     </span>
     <span class='ocr_line' id='line_1_50' title="bbox 302 3034 1897 3087; baseline -0.002 -12"><span class='ocrx_word' id='word_1_446' title='bbox 302 3037 345 3075; x_wconf 84' lang='lat' dir='ltr'>su</span> <span class='ocrx_word' id='word_1_447' title='bbox 365 3035 489 3075; x_wconf 85' lang='lat' dir='ltr'>nobis</span> <span class='ocrx_word' id='word_1_448' title='bbox 512 3034 685 3075; x_wconf 76' lang='lat' dir='ltr'>Viennae</span> <span class='ocrx_word' id='word_1_449' title='bbox 706 3036 871 3074; x_wconf 90' lang='lat' dir='ltr'>summo</span> <span class='ocrx_word' id='word_1_450' title='bbox 902 3047 1000 3075; x_wconf 85' lang='lat' dir='ltr'>cum</span> <span class='ocrx_word' id='word_1_451' title='bbox 1029 3034 1224 3075; x_wconf 87' lang='lat' dir='ltr'>omnium</span> <span class='ocrx_word' id='word_1_452' title='bbox 1254 3034 1368 3075; x_wconf 63' lang='lat' dir='ltr'>luem</span> <span class='ocrx_word' id='word_1_453' title='bbox 1398 3043 1566 3086; x_wconf 89' lang='lat' dir='ltr'>ereptus</span> <span class='ocrx_word' id='word_1_454' title='bbox 1586 3062 1597 3082; x_wconf 87' lang='lat'>,</span> <span class='ocrx_word' id='word_1_455' title='bbox 1629 3037 1678 3074; x_wconf 87' lang='lat' dir='ltr'>ad</span> <span class='ocrx_word' id='word_1_456' title='bbox 1718 3034 1897 3087; x_wconf 85' lang='lat' dir='ltr'>patriam</span> 
     </span>
     <span class='ocr_line' id='line_1_51' title="bbox 304 3090 1897 3146; baseline -0.001 -15"><span class='ocrx_word' id='word_1_457' title='bbox 304 3093 514 3134; x_wconf 79' lang='lat' dir='ltr'>festinavit</span> <span class='ocrx_word' id='word_1_458' title='bbox 559 3102 757 3133; x_wconf 82' lang='lat' dir='ltr'>aeternam</span> <span class='ocrx_word' id='word_1_459' title='bbox 782 3123 794 3140; x_wconf 83' lang='lat'>,</span> <span class='ocrx_word' id='word_1_460' title='bbox 836 3101 956 3133; x_wconf 87' lang='lat' dir='ltr'>aetate</span> <span class='ocrx_word' id='word_1_461' title='bbox 995 3091 1349 3146; x_wconf 79' lang='lat' dir='ltr'>quadragenarius</span> <span class='ocrx_word' id='word_1_462' title='bbox 1371 3122 1383 3142; x_wconf 96' lang='lat'>‚</span> <span class='ocrx_word' id='word_1_463' title='bbox 1421 3093 1569 3133; x_wconf 81' lang='lat' dir='ltr'>Praelul</span> <span class='ocrx_word' id='word_1_464' title='bbox 1601 3105 1691 3134; x_wconf 88' lang='lat' dir='ltr'>non</span> <span class='ocrx_word' id='word_1_465' title='bbox 1719 3090 1897 3133; x_wconf 90' lang='lat' dir='ltr'>omnino</span> 
     </span>
     <span class='ocr_line' id='line_1_52' title="bbox 302 3150 1214 3207; baseline 0.003 -17"><span class='ocrx_word' id='word_1_466' title='bbox 302 3150 538 3191; x_wconf 89' lang='lat' dir='ltr'>duodennis</span> <span class='ocrx_word' id='word_1_467' title='bbox 558 3182 570 3201; x_wconf 91' lang='lat'>,</span> <span class='ocrx_word' id='word_1_468' title='bbox 603 3150 668 3193; x_wconf 92' lang='lat' dir='ltr'>die</span> <span class='ocrx_word' id='word_1_469' title='bbox 691 3163 757 3201; x_wconf 87' lang='lat'>23.</span> <span class='ocrx_word' id='word_1_470' title='bbox 774 3152 870 3207; x_wconf 79' lang='lat' dir='ltr'>Jun.</span> <span class='ocrx_word' id='word_1_471' title='bbox 890 3153 1016 3193; x_wconf 83' lang='lat' dir='ltr'>Anno</span> <span class='ocrx_word' id='word_1_472' title='bbox 1036 3152 1214 3193; x_wconf 80' lang='lat' dir='ltr'><strong>MDCL.</strong></span> 
     </span>
    </p>
   </div>
   <div class='ocr_carea' id='block_1_4' title="bbox 2078 0 2122 2620">
    <p class='ocr_par' dir='ltr' id='par_1_4' title="bbox 2078 0 2122 2620">
     <span class='ocr_line' id='line_1_53' title="bbox 2078 0 2122 2620; baseline 0 0"><span class='ocrx_word' id='word_1_473' title='bbox 2078 0 2122 2620; x_wconf 95' lang='lat' dir='ltr'> </span> 
     </span>
    </p>
   </div>
   <div class='ocr_carea' id='block_1_5' title="bbox 1703 3205 1894 3247">
    <p class='ocr_par' dir='ltr' id='par_1_5' title="bbox 1703 3205 1894 3247">
     <span class='ocr_line' id='line_1_54' title="bbox 1703 3205 1894 3247; baseline -0.01 0"><span class='ocrx_word' id='word_1_474' title='bbox 1703 3205 1894 3247; x_wconf 84' lang='lat' dir='ltr'>XLVIII.</span> 
     </span>
    </p>
   </div>
  </div>
 </body>
</html>
