2122 3507
194 187 240 227 16
857 169 1003 219 308⁶(
1025 182 1051 208 0
1077 168 1221 217 >²538ss

192 269 291 312 XL.
326 260 570 320 JOANNES
610 260 660 299 ΙΙ.
688 262 978 309 cognomento
1000 251 1215 307 Myrle‚in
1251 253 1342 307 pari
1371 260 1622 306 temporum
1659 251 1895 294 discrimine

306 325 489 365 versatus
513 348 524 367 ,
552 315 717 358 nonnifi
746 326 801 355 ex
819 311 1003 354 horridis
1031 310 1158 364 spinis
1190 314 1382 364 pulchras
1409 310 1623 365 patientiae
1648 314 1758 352 rosas
1781 311 1897 352 colli·
2091 320 2094 368 ξ

309 393 402 434 gere
423 376 568 429 potuit
595 405 605 424 ‚
637 372 821 414 maxime
844 372 942 412 cum
968 370 1008 411 &
1034 369 1145 410 intra
1165 371 1204 410 se
1235 370 1444 411 carnifices
1475 371 1602 410 aleret
1622 398 1634 418 ‚
1663 367 1895 423 pertinaces

305 430 508 478 nimirum
529 447 575 473 ac
593 428 901 472 molestiffimos
920 429 1109 469 morbos·
1174 425 1342 482 Qibsss
1369 428 1535 469 adactus
1565 427 1745 481 impares
1772 424 1895 467 oneri

308 498 507 536 humeros
526 491 679 546 sponte
699 490 934 530 subducens
951 517 964 537 ‚
993 485 1110 527 ultro
1129 484 1243 527 ceffit
1261 489 1339 527 An.
1367 487 1552 530 MDLX.

192 575 315 623 XLI.
355 571 632 612 MATHAEUS
678 570 727 609 II.
759 569 889 609 haeres
920 577 1116 607 curarum
1140 564 1291 618 magis,
1322 567 1452 620 quam
1491 562 1706 619 dignitatis
1726 592 1738 613 ‚
1768 563 1899 617 quam

302 632 503 686 querulus
524 627 653 669 fuerit
675 629 726 668 de
744 639 822 667 aere
843 624 980 666 alieno
1001 622 1304 664 Monasterium
1329 632 1551 678 premente
1565 653 1576 673 ,
1598 624 1650 664 de
1668 620 1795 662 Bonis
1805 623 1898 660 aba-

301 688 464 731 lienatis
485 717 497 737 ,
526 688 593 728 vel
618 684 788 740 pignori
809 681 997 736 subjeffls
1019 711 1032 732 ,
1061 682 1146 722 five
1163 678 1314 734 injuria
1339 681 1485 722 ablatis
1504 710 1516 731 ‚
1554 678 1625 721 sua
1645 682 1782 720 adhuc
1816 680 1897 718 fin·

302 744 461 800 graphfi.
485 745 678 799 legimus.
748 743 998 783 Conabatur
1036 748 1177 780 tamen
1198 769 1210 789 ‚
1240 747 1461 793 utcunque
1481 738 1630 793 potuit
1646 769 1658 789 ‚
1681 737 1896 778 mitiorem

302 803 546 858 Campililio
557 805 773 844 fortunam
793 801 989 842 reducere
1009 828 1022 847 ,
1052 798 1182 852 idque
1193 798 1301 838 ultra
1318 796 1591 838 sexennium-z
1611 798 1747 837 donec
1763 795 1898 835 eidem

302 867 324 904 ἐι
361 871 501 903 morte
543 862 705 916 lignum
751 872 831 913 pro
868 855 1080 898 sarcinulis
1118 857 1265 896 datum
1313 852 1453 896 mense
1498 853 1727 895 Februario
1772 856 1899 893 Anno

301 921 569 965 MDLXVII.
630 919 769 959 Nemo
792 916 971 957 miretur
985 944 997 964 ‚
1026 922 1095 956 tot
1113 915 1305 954 Praesules
1322 913 1367 954 in
1384 923 1472 954 tam
1490 912 1635 953 misera
1652 911 1899 963 tempestate

301 978 408 1020 adeo
428 991 577 1033 parum
604 976 647 1017 in
675 978 848 1016 fortuna
883 970 1154 1027 promovisse.
1228 970 1413 1025 Prodigij
1444 970 1592 1025 potius
1615 970 1712 1010 loco
1743 970 1899 1031 haben-

302 1038 406 1078 dum
433 1067 444 1086 ‚
475 1036 531 1076 ita
562 1036 723 1075 DEUM
752 1030 891 1073 favisse
921 1029 1165 1083 Campililio
1183 1059 1195 1077 ‚
1225 1030 1480 1083 tantumque
1508 1025 1679 1069 valuisse
1712 1039 1786 1080 per
1813 1037 1899 1078 e1us

302 1093 476 1148 gratiam
514 1094 738 1134 Praesulum
760 1090 1006 1131 nostrorum
1025 1088 1235 1129 virtutem
1261 1117 1273 1137 ‚
1298 1095 1348 1129 ut
1368 1088 1539 1128 Domus
1563 1086 1726 1137 nostra,
1750 1084 1898 1126 alienas

303 1154 348 1194 in
370 1165 515 1193 manus
539 1164 626 1191 non
646 1152 819 1201 abrepta
840 1178 852 1199 ‚
880 1149 1018 1188 adhuc
1039 1147 1228 1200 superfit.

193 1235 343 1278 XLH.
391 1233 668 1274 GEORGIUS
708 1232 780 1270 IV.
821 1229 1037 1270 veteribus
1065 1229 1110 1269 in
1138 1227 1350 1281 Catalogis
1369 1230 1453 1271 hoc
1473 1227 1804 1283 epiphonemate
1825 1228 1903 1267 do-

304 1301 443 1335 natur.
500 1290 545 1329 In
569 1289 649 1329 aliis
669 1286 860 1327 mediocris
875 1315 887 1335 ,
918 1291 954 1325 m
972 1287 1172 1325 oeconomia
1192 1287 1444 1337 temporalium
1465 1288 1620 1328 eximius
1639 1287 1734 1340 fuit:
1764 1297 1828 1326 nec
1838 1283 1902 1325 de·

305 1344 491 1390 treHa-m‘t
510 1375 522 1394 ‚
555 1346 696 1386 minora
715 1343 942 1384 Con—ventus
968 1341 1086 1391 officia
1102 1339 1267 1396 lispplere
1285 1354 1328 1382 eo
1345 1347 1505 1397 tempore
1528 1373 1541 1394 ,
1571 1357 1644 1397 quo
1672 1341 1717 1384 ob
1735 1341 1902 1400 graffari-

303 1411 374 1448 cem
396 1403 550 1456 baerefim
565 1400 830 1457 Religiosorum
847 1401 993 1441 raritas
1002 1401 1091 1451 nait.
1165 1398 1413 1440 Substantiae
1443 1400 1671 1454 aliquando
1696 1400 1902 1441 curiosior

305 1466 435 1518 quam
470 1460 734 1508 animarum,
767 1457 851 1511 ipsa
885 1455 1163 1498 Oeconomiae
1182 1487 1193 1507 ‚
1223 1469 1277 1497 ex
1303 1458 1416 1498 ferro
1436 1461 1780 1499 Annaemontano
1803 1471 1903 1511 pro-

304 1520 552 1567 movendae,
571 1515 850 1559 contentione
869 1513 999 1569 majus
1016 1514 1252 1568 periculum
1263 1516 1341 1555 suae
1361 1515 1526 1556 Domui
1547 1514 1758 1565 concivit,
1772 1518 1902 1569 quam

305 1588 426 1621 antea
447 1575 678 1630 pauperies.
739 1573 962 1615 Monitore
984 1572 1095 1613 enim
1116 1585 1227 1627 opus
1245 1572 1396 1613 habuit
1424 1572 1515 1627 ipso
1539 1573 1733 1626 Principe
1751 1575 1911 1624 Terrae,

305 1645 358 1678 ut
384 1637 423 1678 ὅτ
443 1634 627 1688 Templis
658 1633 697 1674 &
734 1631 893 1673 Scholis
917 1630 1163 1685 vigilantior
1191 1631 1429 1672 intenderet
1449 1661 1461 1681 ‚
1494 1644 1637 1686 neque
1662 1633 1751 1673 ullo
1786 1631 1906 1673 dein-

305 1708 405 1749 ceps
428 1694 559 1735 modo
586 1691 765 1733 aliorum
788 1719 798 1739 ,
819 1693 947 1745 quam
973 1688 1297 1733 Catholicorum
1314 1688 1524 1743 obsequiis
1542 1697 1746 1732 uteretur.
1804 1691 1907 1730 Sen-

307 1755 359 1794 fit
391 1751 516 1793 etiarn
536 1751 631 1791 DEI
662 1749 982 1803 correptionem
999 1777 1012 1798 ‚
1043 1747 1140 1788 alibi
1169 1754 1373 1800 pereunte
1396 1760 1472 1802 per
1489 1747 1726 1789 infortunia
1743 1778 1757 1799 ‚
1785 1749 1904 1803 quod

308 1810 405 1852 alibi
427 1809 565 1852 studio
592 1807 650 1849 rei
671 1806 882 1849 familiaris
913 1804 1293 1860 intemperantiore
1311 1805 1384 1846 fibi
1405 1804 1601 1847 accessiffe
1619 1806 1784 1859 gavisus
1803 1815 1906 1847 erat.

307 1870 385 1909 Sed
416 1867 582 1923 profuit
618 1876 798 1919 utraque
829 1864 1002 1907 vexatio
1023 1893 1036 1914 ‚
1068 1873 1117 1905 ut
1137 1865 1296 1917 saperet
1329 1863 1479 1905 re<stius
1498 1893 1510 1914 ,
1541 1864 1582 1906 ὅτ
1615 1864 1752 1905 adfuit
1776 1863 1908 1918 gratia

307 1927 419 1968 DEI.
492 1924 605 1967 Cum
624 1936 806 1977 namque
833 1922 1060 1975 spiritualia
1089 1924 1275 1962 multiim
1294 1920 1553 1964 restaurasset
1572 1952 1583 1972 ,
1614 1924 1637 1964 ὲ.
1655 1931 1795 1963 morte
1819 1922 1905 1976 ejus

308 1982 515 2026 frumenti
535 1983 574 2024 &
598 1981 689 2021 vini
718 1979 975 2021 abundantia
1001 1979 1254 2032 comparuit.
1330 1981 1415 2020 Sub
1437 1994 1488 2020 eo
1506 1979 1793 2021 Sereniffimus
1812 1980 1911 2028 ΕΔΑ»,

308 2041 486 2083 ROLus
516 2039 735 2081 Archidux
766 2068 779 2088 ,
811 2038 841 2078 F
847 2037 1162 2078 ERDINANDI
1190 2037 1242 2077 ΙΙ.
1270 2037 1544 2089 Imperatoris
1562 2039 1716 2079 Parens
1736 2068 1748 2088 ‚
1780 2039 1908 2079 Cam-

308 2096 427 2154 pililii
446 2096 624 2139 divertit
645 2127 656 2147 ‚
687 2094 894 2149 omnique
913 2094 1139 2135 humillimi
1159 2093 1349 2148 obsequii
1372 2109 1525 2150 genere
1547 2097 1684 2137 cultus
1707 2096 1775 2137 est.
1821 2096 1906 2136 Ivit

308 2158 380 2198 hic
408 2157 551 2197 Praesul
593 2157 642 2196 ad
679 2153 860 2209 judicem
900 2152 1198 2195 universorum
1230 2152 1297 2194 die
1326 2164 1363 2203 7.
1389 2154 1552 2209 Januar.
1580 2156 1708 2196 Anno
1750 2153 1907 2196 Christi

309 2214 666 2258 MDLXXXVII.

199 2297 382 2342 XLIII.
422 2295 761 2336 L'AURENTIUS
791 2293 892 2349 Reiss
917 2295 940 2335 ὲ
970 2295 1242 2337 Βεῃεάἱᾶἰηο
1264 2294 1489 2338 Mellicenfi
1509 2325 1521 2346 ‚
1551 2308 1598 2338 ac
1615 2294 1775 2338 ibidem
1793 2295 1910 2337 Prio-

314 2369 360 2396 re
382 2385 394 2404 ,
425 2354 611 2407 primum
651 2352 695 2393 in
732 2351 857 2392 Cellis
894 2351 1092 2393 Marianis
1122 2353 1322 2403 Austriae,
1352 2354 1503 2395 deinde
1523 2353 1749 2409 Campililij
1769 2356 1907 2395 Abbas

315 2412 550 2466 postulatus
569 2441 581 2460 ‚
613 2409 848 2464 utrobique
882 2411 997 2463 spem
1030 2412 1082 2452 de
1115 2413 1155 2452 se
1183 2411 1410 2452 maximam
1441 2413 1605 2466 egregie
1643 2412 1903 2454 sustentavit.

314 2470 464 2512 Redire
484 2471 654 2510 tandem
680 2468 809 2520 coepit
828 2468 946 2522 quies
967 2468 1159 2522 optatior
1173 2499 1185 2519 ‚
1214 2469 1344 2522 magis
1367 2469 1499 2510 indies
1525 2470 1742 2525 magisque
1761 2471 1907 2511 remit-

317 2527 508 2569 tentibus
533 2525 578 2567 in
622 2525 839 2579 Religione
878 2525 1048 2568 diffidiis
1067 2557 1079 2578 ,
1108 2526 1199 2581 ipso
1230 2528 1404 2568 Praesule
1437 2527 1584 2568 nostro
1627 2540 1704 2580 per
1736 2528 1917 2568 manda-

322 2594 418 2627 tum
455 2584 621 2625 Caesaris
661 2583 705 2624 in
743 2584 918 2638 negotio
956 2584 1283 2626 Reformationis
1322 2584 1715 2625 Concommisiario.
1780 2588 1907 2625 Anno

315 2643 690 2684 MDLXXXVIII.
731 2643 781 2682 ab
810 2643 1070 2697 Imperatore
1108 2641 1303 2696 Rudolpbo
1342 2642 1398 2683 II.
1449 2642 1574 2684 armis
1600 2657 1646 2684 ac
1675 2641 1906 2698 privilegiis

315 2700 540 2742 Nobilium
562 2702 796 2741 honoratus
816 2701 885 2742 est.
945 2701 1110 2741 Primus
1128 2699 1297 2754 insuper
1321 2701 1536 2741 Abbatum
1564 2700 1808 2743 nostrorum
1825 2704 1907 2743 ele·

317 2759 407 2800 Ctus
426 2758 676 2800 Inclitorum
696 2758 879 2800 statuum
904 2758 1233 2800 Provincialium
1258 2758 1377 2800 infer.
1396 2759 1532 2802 Austr.
1560 2759 1804 2813 Deputatus
1823 2760 1919 2800 Or·-v

317 2817 515 2858 dinarius.
589 2815 1124 2859 SereniffimuszArchidux
1151 2816 1336 2859 Mathias
1360 2830 1460 2858 eum
1478 2817 1667 2858 Confilio
1684 2821 1760 2858 iuo
1775 2819 1824 2859 ad
1848 2816 1906 2858 le-

316 2875 393 2929 git.
467 2876 578 2916 Cum
603 2874 754 2915 deinde
774 2877 900 2916 Anno
921 2884 1043 2926 1597.
1073 2888 1185 2917 nova
1212 2874 1465 2917 rusticorum
1488 2875 1694 2917 seditione
1711 2877 1864 2917 oborta
1890 2906 1903 2926 ‚

315 2933 472 2975 subditi
492 2945 669 2988 quoque
689 2932 1016 2986 Campililienses
1044 2933 1350 2976 Monasterium
1374 2933 1594 2974 insolentia
1612 2936 1773 2975 summa
1788 2935 1906 2975 inva-

314 2993 464 3033 derent
483 3021 494 3040 ‚
527 3004 602 3045 per
623 2990 820 3032 deleaam
853 2991 1038 3034 militum
1059 3005 1236 3034 manum
1253 3021 1265 3040 ,
1297 2994 1320 3032 a
1337 2992 1492 3032 Caesare
1514 2990 1748 3033 submiffim
1769 3023 1780 3043 ,
1814 2994 1903 3033 bre-

314 3053 360 3089 vi
385 3050 605 3091 rebellium
635 3049 772 3090 vijr
791 3052 933 3095 evafit.
989 3050 1232 3105 Campililio
1251 3050 1516 3104 comparavit
1534 3050 1708 3092 Curiam
1726 3050 1906 3092 Klaffen-

318 3106 428 3148 brun
448 3139 459 3158 ‚
490 3123 533 3149 ac
553 3107 760 3161 plurimos
781 3107 883 3149 alios
902 3109 1105 3162 perutiles
1131 3108 1382 3150 eontraaus
1407 3108 1646 3154 celebravit.
1719 3108 1906 3150 Tandem

317 3165 444 3205 Anno
465 3166 692 3221 Regiminis
720 3165 878 3222 quinto
893 3181 940 3210 ac
961 3168 1126 3211 decimo
1143 3166 1285 3210 medio
1307 3166 1373 3208 die
1398 3176 1466 3219 24.
1496 3167 1903 3271 Novembr.MADngp
