2122 3507
185 202 284 250 am
309 233 327 265 ,
374 179 491 264 723st
529 175 612 240 ad
626 169 1060 258 parsperculum
1081 219 1100 251 ‚
1150 168 1226 235 89³
1260 168 1577 235 contritum
1615 166 1848 255 spirim
1872 218 1894 249 ,

186 273 262 338 89³
301 282 634 335 trementersl
671 259 977 343 sermones
1014 275 1172 321 meos
1199 261 1234 319 ,9
1284 259 1318 341 <
1331 257 1416 344 d)
1456 258 1751 324 Sacerdos
1789 257 1898 324 Al-

191 357 400 424 tiffimi
452 364 762 436 quantum
821 345 1123 411 Nomen!
1183 344 1412 429 Regale
1467 343 1555 408 est
1608 346 1900 410 Sacerdo-

192 448 355 510 tium
383 493 400 522 ,
448 437 599 503 teste
651 435 937 500 Doctore
991 434 1317 499 Gentium.
1426 431 1638 497 Potest
1691 432 1903 517 profe-

192 533 298 598 ἃὸ
364 525 659 594 Sacerdos
687 575 706 604 ,
767 522 947 608 quod
1000 522 1201 605 Reges
1254 542 1389 586 non
1443 519 1740 604 possunt:
1791 518 1903 582 est-

188 640 317 704 que
359 614 528 701 apud
569 633 718 677 eum
758 609 1017 676 facultas
1043 660 1060 690 ,
1109 608 1237 675 fine
1277 630 1402 693 qua
1442 609 1718 693 Regibus
1760 605 1906 691 ipfis

190 703 364 774 nulla
419 701 508 767 est
560 698 730 766 salus,
838 694 974 784 Ipse
1030 697 1119 761 est
1157 749 1175 778 ,
1236 699 1339 761 cui
1393 696 1532 761 data
1585 695 1675 759 est
1727 711 1908 779 pote-

194 793 309 859 stas
349 842 367 872 ,
426 812 508 856 ne
574 787 836 873 Angelis
890 785 1151 871 quidem
1203 781 1479 849 concessa
1518 835 1538 864 ‚
1599 784 1909 867 Corporis

191 879 425 947 Christi
467 880 596 944 veri
625 929 642 958 ‚
691 898 760 941 ac
814 874 1074 960 mystici.
1182 872 1469 937 Hostiam
1527 872 1757 937 volunt
1808 866 1912 932 fal-

189 968 442 1035 vificam
495 967 693 1050 Reges
721 1016 739 1045 ,
788 986 858 1028 ac
923 961 1206 1048 Populi?
1251 959 1545 1026 conficiat
1596 980 1735 1025 eam
1762 1009 1779 1037 ‚
1841 956 1913 1023 δε

194 1055 484 1122 immolet
570 1053 883 1120 Sacerdos,
1017 1051 1262 1117 Peccati
1349 1049 1606 1114 vinculo
1698 1065 1913 1132 graves

193 1142 420 1209 summi
461 1164 530 1207 ac
584 1144 691 1206 imi
732 1143 977 1205 veniam
1031 1160 1100 1203 ac
1152 1138 1505 1203 libertatem
1558 1136 1914 1221 exoptant?

191 1231 555 1297 Ostendant
594 1226 650 1291 se
692 1228 920 1290 humili
962 1226 1369 1292 Confeffione
1396 1277 1414 1308 ,
1464 1247 1534 1290 ac
1575 1246 1695 1312 pro
1723 1221 1914 1288 DEO

196 1317 252 1384 se
307 1317 643 1381 humilient
699 1312 1062 1377 Sacerdoti:
1126 1316 1373 1395 quippe
1439 1316 1552 1398 qui
1618 1310 1783 1378 solus
1848 1308 1917 1373 li-

191 1405 380 1489 gandi
446 1399 854 1480 solvendique
919 1399 1233 1478 judicium
1286 1399 1492 1463 habet.
1611 1400 1726 1463 Ille
1778 1399 1918 1464 Me-

193 1494 399 1556 diator
453 1486 542 1551 est
582 1483 790 1549 noster
832 1481 908 1546 ad
960 1483 1265 1546 DEUM:
1317 1485 1420 1545 ille
1473 1483 1752 1549 nostram
1806 1487 1919 1549 im-

194 1577 395 1645 molat
445 1575 825 1640 Victimam:
890 1569 993 1633 ille
1048 1569 1578 1654 Propitiationem
1641 1571 1920 1637 nostram

196 1666 464 1751 quaerit,
515 1661 583 1727 δε
637 1662 974 1743 impetrat:
1039 1656 1142 1721 ille
1198 1678 1317 1742 pro
1372 1653 1654 1724 universa
1707 1658 1918 1724 Eccle-

198 1754 282 1820 fia
334 1751 673 1834 Legatione
726 1746 1018 1830 fungitur
1055 1795 1073 1825 ,
1134 1745 1481 1837 nostraeque
1557 1743 1762 1814 salutis
1816 1770 1921 1814 ne-

200 1842 445 1927 gotium
488 1837 706 1902 tractat
733 1888 749 1917 ,
800 1835 869 1901 δε
909 1832 1182 1900 conficit.
1279 1834 1553 1900 Lumine
1593 1831 1704 1900 suo
1732 1888 1749 1917 ‚
1800 1839 1922 1902 ori-

204 1947 349 1993 ente
393 1948 467 1992 ex
509 1925 633 1990 alto
663 1977 680 2006 ,
731 1922 1026 1989 Sacerdos
1080 1923 1287 1989 reddit
1340 1923 1642 1990 omnibus
1696 1925 1866 1990 diem
1906 1950 1922 1995 :

204 2018 371 2082 Pane
437 2011 545 2078 suo
613 2010 1017 2097 supere-aelesti
1092 2008 1282 2097 pascit
1336 2031 1557 2077 omnes
1611 2014 1677 2077 in
1729 2015 1927 2081 vitam

200 2121 493 2169 aeternam
525 2125 537 2165 ε
590 2099 900 2165 Potestate
950 2095 1051 2163 sua
1091 2098 1206 2165 fibi
1260 2096 1523 2186 desuper
1559 2099 1697 2165 data
1737 2098 1925 2185 spoli-

201 2208 266 2258 at
306 2190 625 2255 infernum
652 2240 669 2268 ,
719 2184 940 2252 reserat
979 2187 1218 2255 caelum.
1311 2190 1395 2254 Et
1436 2188 1580 2253 ideo
1622 2189 1697 2254 ad
1726 2192 1926 2256 Aram

205 2277 376 2344 suam
404 2277 726 2343 humiliter
753 2273 1128 2341 adsternitur
1155 2274 1558 2359 Angelorum
1579 2280 1926 2359 exercitus,

206 2368 587 2432 unanimiter
616 2361 924 2449 supplicat
952 2364 1159 2430 omnis
1185 2362 1487 2445 Ecclesia,
1509 2366 1758 2432 Animae
1777 2387 1928 2452 pur-

213 2471 425 2540 gantes
481 2453 769 2517 flebiliter
824 2467 1105 2537 gemunt.
1212 2448 1363 2516 Esto
1391 2502 1409 2531 ,
1458 2451 1730 2537 persaepe
1789 2474 1927 2519 non

210 2539 527 2606 erubescat
587 2541 810 2605 mundi
873 2537 1158 2626 superbia
1183 2589 1202 2619 ,
1251 2537 1572 2620 oblivisci,
1622 2540 1779 2625 quid
1821 2540 1927 2605 de-

207 2632 352 2695 beat
407 2630 763 2695 Sacerdoti:
816 2631 1015 2693 immo
1069 2648 1186 2692 nec
1240 2643 1572 2707 vereatur,
1621 2628 1746 2696 hoc
1788 2629 1926 2693 Me-

212 2719 453 2783 diatore
481 2770 498 2797 ,
547 2718 669 2782 hoc
722 2718 945 2800 Judice
1003 2712 1114 2780 suo
1143 2767 1161 2797 ,
1224 2714 1421 2779 veluti
1501 2714 1742 2779 famulo
1808 2719 1924 2783 uti.

212 2808 367 2874 Non
399 2803 777 2870 obliviscitur
804 2806 1030 2870 DEUS
1057 2855 1075 2884 ,
1124 2819 1436 2888 quantum
1465 2803 1781 2868 Sacerdoti
1820 2807 1926 2869 tri-

213 2897 457 2959 buerit:
510 2894 706 2957 modo
782 2890 905 2978 ipse
932 2944 950 2974 ‚
1011 2894 1154 2978 quis
1210 2891 1469 2955 demum
1523 2913 1592 2956 ac
1648 2908 1926 2976 quantus

212 3005 325 3073 per
364 2981 514 3048 DEI
545 2980 620 3046 fit
668 2985 925 3065 gratiam
947 3032 965 3066 ,
1015 2980 1291 3049 oblitum
1324 2974 1381 3046 se
1418 2979 1532 3047 effe
1559 3031 1579 3066 2
1626 2983 1750 3051 Vita
1778 3001 1926 3065 pro-

1749 3069 1924 3150 fana,

310 3208 381 3254 (d)
408 3205 497 3243 Isaiae
526 3211 637 3246 LXVI.
668 3218 703 3249 v.
728 3217 762 3247 2.
