2122 3507
167 224 439 295 corpore
460 255 479 285 ,
527 196 651 286 ipsa
690 197 967 263 Instituti
998 193 1241 261 ratione
1278 194 1362 260 fic
1386 196 1778 282 postulante,
1815 201 1883 263 in

170 297 501 387 publicum
530 289 697 352 exire
722 283 905 352 nullo
934 281 1214 350 Confilio
1229 285 1549 350 debuerat.
1643 288 1884 374 Qam-

169 403 369 473 quam
403 382 504 445 Tu
543 377 795 441 interim
832 375 899 437 in
938 373 1112 439 hunc
1149 373 1469 454 Tomum,
1518 372 1888 440 Gratiofiffi-

175 477 290 539 mis
327 466 548 536 Oculis
588 463 746 528 Tuis
781 464 814 527 a
841 463 1044 547 capite
1080 480 1283 546 usque
1321 461 1400 528 ad
1428 461 1661 528 calcem
1688 463 1889 548 perle-

174 564 347 630 <stum
373 607 392 637 ,
452 569 554 618 tot
603 551 970 637 Sigillorum
1022 550 1401 634 imaginibus
1458 550 1891 635 undequaque

169 641 617 716 exornandum
630 692 658 722 ,‚
705 642 834 727 Jam
873 638 1102 705 multas
1143 640 1486 724 gravesque
1538 638 1894 724 Sculpturae

171 728 466 821 expensas
505 726 644 794 sane
680 727 981 793 munifice
1028 727 1249 792 feceris
1272 779 1290 808 ,
1337 727 1645 814 Utilitatis
1686 726 1895 812 publi-

174 848 256 890 cae
304 820 485 888 causa
511 870 530 900 ‚
591 819 844 903 proque
906 817 1147 901 ingenti
1198 817 1441 881 Animo
1491 815 1642 880 Tuo
1682 866 1701 897 ,
1763 829 1899 900 quo

171 910 416 998 semper
447 927 510 972 es
554 909 620 971 in
659 907 929 971 Patriam
969 903 1342 985 colendam,
1389 903 1733 989 juvandam
1763 954 1781 984 ‚
1830 924 1900 967 ac

173 995 600 1080 illustrandam
632 1044 651 1077 ,
727 993 1164 1059 honorandam
1235 1008 1532 1078 praeterea
1590 991 1902 1057 Nobilita-

171 1107 302 1155 tem
329 1139 347 1168 ,
407 1087 604 1150 bonas
651 1084 890 1147 Literas
939 1081 1423 1166 promovendas,
1520 1080 1747 1145 Solum
1797 1082 1903 1144 ita-

175 1199 305 1263 que
343 1169 611 1239 univerfi
651 1170 888 1254 Operis
924 1171 1307 1254 Conspeeium
1325 1190 1333 1198 ‘⁷
1345 1171 1410 1234 in
1449 1169 1576 1233 hoc
1612 1165 1906 1254 Opuscu-

179 1267 277 1347 10,
327 1262 472 1327 Tibi
504 1257 694 1321 hodie
733 1255 1126 1320 devotissime
1156 1254 1493 1341 inscript0‚
1543 1254 1906 1322 interserere

178 1356 409 1417 interea
448 1345 664 1407 licuit:
727 1340 1094 1425 usquedum
1140 1346 1429 1426 propitio
1478 1345 1667 1410 DEO
1708 1362 1908 1410 extre-

178 1457 345 1505 mam
383 1430 578 1517 Fastis
625 1427 851 1494 nostris
899 1449 1162 1494 manum
1202 1431 1450 1514 imponi
1491 1428 1758 1518 desuper
1800 1453 1913 1497 no-

182 1529 278 1593 bis
306 1528 341 1589 e
368 1519 555 1588 Ccelo
585 1518 917 1583 tribuatur.

195 1645 199 1647 ’
333 1644 533 1721 Uare,
580 1654 654 1704 ut
691 1633 846 1726 satis*
875 1633 994 1701 ess'e
1034 1636 1291 1703 interim
1335 1633 1764 1721 gratiosissime
1814 1655 1918 1704 ve-

382 1730 489 1810 lis,
538 1724 1066 1792 Reverendiffime
1106 1727 1190 1791 D.
1212 1727 1296 1792 D.
1328 1728 1753 1809 PRAESUL,
1803 1729 1916 1793 ho‘-

187 1819 416 1887 diernae
454 1815 718 1902 Jubilea'e
756 1816 1088 1881 Memoriae
1126 1814 1282 1881 Tuae
1310 1815 1481 1900 ‘pieta
1519 1818 1554 1880 a
1589 1817 1809 1896 nobiS‚
1849 1816 1921 1888 δε

186 1907 781 2004 ‘quomodocunque
825 1903 1107 1989 exposita
1139 1904 1270 1968 haec
1313 1903 1583 1988 paucula
1619 1903 1922 1989 Symbola

192 1997 432 2075 nostra,
482 1995 696 2072 omni,
745 2012 872 2077 qua
914 1989 1271 2076 possumus,
1321 1994 1514 2055 animi
1551 1990 1921 2067 demissiones

192 2083 601 2152 obsecramus.
700 2080 871 2146 Cum
899 2081 996 2145 his
1035 2083 1233 2164 porro
1278 2079 1666 2146 immortales
1694 2081 1922 2152 Omni-

191 2170 440 2267 potenti
501 2167 689 2235 DEO
750 2169 972 2253 gratias
1031 2165 1426 2233 devotiffime
1487 2166 1924 2254 percensentes

192 2284 310 2349 pro
357 2259 610 2339 Gloria,
662 2276 781 2340 pro
825 2254 1272 2321 Incolumitate
1301 2309 1318 2338 ,
1368 2278 1489 2342 pro
1538 2257 1924 2342 Longaevita-

192 2356 253 2415 te
294 2347 588 2413 Tua'hac
639 2360 843 2423 tanta,
894 2362 1031 2407 eam
1077 2344 1223 2409 Tibi
1263 2365 1413 2410 cum
1447 2347 1795 2411 tenerrimo
1841 2344 1925 2418 af-,

195 2438 367 2504 feetu
402 2433 716 2500 Filialium
753 2431 1077 2513 cordium,
1129 2433 1197 2499 &
1238 2433 1569 2518 voluptate
1607 2454 1756 2498 cum
1801 2456 1927 2497 ma·-

199 2528 367 2591 'xima
412 2534 489 2587 ex
532 2515 755 2586 ‘animo
810 2519 1216 2604 gratulamur.
1328 2520 1568 2586 Decuit
1628 2521 1926 2606 profecito

198 2610 444 2699 jubilea
479 2612 609 2675 haec
644 2609 958 2674 Solemnia
983 2608 1154 2689 Tua,
1205 2630 1343 2694 quae
1374 2631 1540 2674 unus
1583 2611 1617 2675 e
1649 2609 1930 2675 millibus

201 2703 326 2785 agis
356 2753 371 2781 ‚
433 2699 694 2785 quidam
741 2698 972 2784 pariter
1026 2696 1277 2781 Jubilus
1343 2695 1596 2764 noster:
1660 2718 1795 2783 quo
1859 2698 1928 2768 δε,

204 2789 464 2863 {DEUM
506 2790 571 2853 in
607 2788 701 2851 Te
741 2783 1316 2871 magnificaremus‚
1364 2805 1551 2852 voces
1588 2786 1927 2853 nonnullas

203 2879 626 2944 exultantium
674 2875 966 2941 cordium
1009 2873 1377 2941 nostrorum
1433 2873 1784 2944 fisteremus
1834 2879 1924 2947 in».

203 2962 507 3051 terpretes
547 3018 566 3048 ,
626 2964 905 3049 Tibique
948 2963 1437 3050 congaudentes
1461 3015 1480 3045 ‚
1543 2962 1763 3031 laetitiae
1811 2985 1924 3033 no—

206 3048 336 3118 strae
365 3052 696 3138 publicum
742 3051 1069 3138 quoddam
1108 3056 1173 3119 in
1213 3049 1462 3135 Orbem
1490 3051 1929 3122 testimonium

208 3142 552 3232 ederemus.
615 3169 618 3172 ’
646 3140 981 3210 Redundat
1009 3142 1244 3208 horum
1271 3144 1319 3213 F
1323 3140 1599 3207 estorum
1629 3143 1927 3294 Tuorfum

1822 3248 1922 3294 ru·
