2122 3507
207 168 254 198 η
868 145 1013 195 ἑθῧὸ(
1036 158 1062 185 0
1088 144 1234 195 ὶΐᾷἓῦἒ

828 268 1049 322 Seculum
1086 266 1274 324 III,‘⁵¹‘'''⁴

201 389 322 439 XXI.
465 382 729 426 ONRADUS
760 381 829 421 111.
849 382 1215 436 quemadmodum
1229 380 1447 422 Noemum
1464 381 1692 435 quemdam
1708 382 1831 424 nobis
1842 395 1910 425 ex.

345 400 377 524 ς
490 441 635 484 hibuit
653 470 666 490 ,
694 439 911 480 Abbatiale
939 439 1128 494 regimen
1155 440 1303 480 Seculo
1322 440 1459 480 adhuc
1485 438 1620 493 priori
1643 441 1908 493 auspicatus,

493 501 694 556 praesente
716 498 823 540 vero
847 500 1093 552 prosecutus
1118 510 1129 537 τ
1159 497 1217 538 ita
1243 497 1372 538 etiam
1405 510 1504 539 cum
1527 497 1699 537 Noemo
1720 527 1731 547 ,
1764 500 1790 538 fi
1819 511 1910 539 non

318 558 494 614 diluvii,
526 559 639 600 certe
662 570 751 598 non
774 555 962 597 minimae
981 555 1224 598 calamitatis
1252 555 1431 605 fluctus,
1468 555 1530 595 bis
1553 555 1740 609 expilato
1760 556 1910 596 Mona·-

317 618 444 662 sterio
464 648 476 669 ‚
507 618 583 658 sub
604 613 812 656 intestinis
834 614 1007 656 Austriae
1031 613 1168 655 turbis
1186 622 1366 667 propter
1389 613 1690 655 contentiones
1714 614 1910 653 Fratrum

317 680 494 720 Ducum
525 677 650 729 super
672 673 820 713 Tutela
848 670 999 714 Albertt'
1017 673 1070 712 V.
1088 670 1272 725 Cognati
1295 670 1354 711 sui
1373 700 1385 720 ‚
1417 673 1550 712 multa
1569 683 1667 712 cum
1688 671 1912 712 acerbitate

316 732 526 779 sustinuit.
592 730 885 772 Nihilominus
923 732 1000 771 hac
1018 731 1140 771 laude
1177 730 1302 770 claret
1328 728 1373 769 in
1405 728 1697 769 monumentis
1726 729 1878 771 nostris
1899 758 1912 776 ,

319 793 440 848 quod
467 791 553 845 ipse
576 790 741 830 Doctus
760 818 772 838 ,
803 789 1044 829 Doecorum
1062 786 1291 828 hominum
1308 784 1610 827 amantiffimus
1637 787 1779 827 fuerit.
1837 789 1908 826 Te-

320 854 423 894 stem
442 848 592 891 habuit
608 847 785 899 Ioannem
804 844 846 887 de
868 844 1071 887 Lanckhem
1091 844 1320 885 Proseffum
1338 843 1529 885 nostrum
1546 874 1558 893 ,
1582 857 1711 898 quem
1730 846 1790 884 SS.
1803 846 1912 884 The-

318 909 471 963 ologiae
506 908 663 947 Laurea
688 904 931 945 Academica
958 901 1145 957 insigniri
1174 901 1324 956 jussum
1347 932 1360 952 ,
1391 904 1440 942 ad
1466 901 1758 942 Univerfitatis
1781 901 1913 943 Vien-

317 968 455 1010 nensis
473 965 728 1006 Cathedram
746 961 1045 1015 Theologicam
1064 960 1289 1015 promovit
1307 990 1319 1009 ,
1352 960 1504 1000 Filium
1522 960 1721 1001 emittens
1738 990 1750 1009 ,
1782 973 1913 1014 quem

318 1031 609 1068 revertentem
623 1023 811 1074 Campus
833 1019 1040 1060 Liliorum
1062 1020 1206 1073 postea
1223 1020 1389 1059 Patrem
1408 1027 1654 1071 recepturus
1681 1016 1792 1063 esset,
1834 1017 1913 1058 Ni-

319 1083 379 1124 bil
397 1082 493 1123 alias
509 1079 657 1121 soliciti
693 1078 817 1120 studii
841 1077 981 1118 omifit
999 1076 1197 1118 conradus
1215 1107 1227 1126 ‚
1257 1089 1347 1130 quo
1368 1075 1413 1116 in
1439 1084 1563 1117 tanto
1582 1078 1765 1116 sortunae
1789 1076 1916 1116 Cam·-

320 1140 533 1196 pililiensis
558 1136 794 1178 discrimine
822 1134 987 1176 Domui
1012 1135 1113 1175 huic
1137 1132 1350 1188 prodeflet
1366 1164 1379 1185 ,
1408 1135 1650 1187 usquedum
1670 1134 1917 1175 duodenna-

319 1200 350 1241 li
375 1196 577 1250 regimine
605 1195 751 1235 eanto
770 1222 784 1244 ‚
812 1195 942 1234 finem
970 1205 1166 1235 curarum
1188 1192 1348 1247 pariter
1372 1191 1636 1246 vivendique
1657 1193 1810 1234 faceret
1835 1196 1914 1233 An.

205 1341 369 1388 XXII.
407 1333 657 1391 JOANNES
690 1328 734 1373 de
769 1327 963 1386 Langhet'm
996 1359 1009 1381 ‚
1055 1329 1194 1373 statim
1223 1331 1415 1372 laudatus
1435 1333 1679 1387 Theologiae
1705 1329 1917 1374 Professor

315 1393 592 1441 Viennenfis,
620 1390 785 1431 virtute
811 1389 1114 1443 magis‚quam
1144 1387 1315 1429 scientia
1344 1389 1404 1429 uti
1434 1390 1581 1431 debuit
1608 1392 1653 1431 in
1682 1392 1918 1431 Praesulatu.

316 1456 451 1496 Tanta
470 1449 677 1504 siquidem
695 1449 769 1488 sub
801 1459 853 1486 eo
872 1455 960 1487 erat
979 1458 1033 1487 ex
1071 1447 1198 1487 causis
1216 1459 1323 1487 mox
1342 1446 1531 1487 adductis
1550 1446 1696 1500 inopia
1717 1477 1729 1496 ‚
1760 1448 1833 1487 ubi
1855 1458 1917 1488 ta-

317 1523 419 1554 men
438 1537 449 1557 ,
478 1510 518 1548 se
536 1506 637 1547 teste
659 1504 705 1545 in
730 1504 919 1557 supplice
943 1505 994 1545 ad
1013 1500 1215 1544 Albertum
1235 1504 1288 1544 V.
1314 1505 1480 1544 Ducem
1499 1505 1642 1545 libello
1661 1535 1672 1555 ,
1704 1505 1918 1547 Familiam

318 1581 387 1620 90.
417 1564 620 1619 Capitum
638 1562 834 1617 quotidie
863 1564 970 1602 alere
988 1562 1190 1611 debebat,
1213 1568 1262 1602 ut
1289 1569 1529 1614 argenteam
1570 1564 1753 1603 Ecclesiae
1783 1565 1920 1617 supel-

316 1624 495 1670 lectilem
517 1652 530 1674 ,
557 1621 693 1663 immo
727 1621 766 1662 ὅτ
792 1622 951 1661 Pedum
985 1631 1164 1672 quoque
1194 1619 1397 1660 Pastorale
1432 1619 1660 1661 divendere
1682 1631 1920 1673 cogeretur.

318 1686 453 1727 Tanta
469 1690 715 1735 temporum
743 1678 942 1719 acerbitas
961 1677 1098 1718 effecit
1121 1678 1214 1717 sane
1237 1707 1248 1725 ‚
1283 1685 1332 1717 ut
1362 1677 1448 1717 dies
1469 1676 1686 1731 regiminis
1710 1679 1771 1719 sui
1797 1679 1920 1734 parvi

318 1740 450 1784 essent
464 1754 510 1781 ac
528 1737 624 1779 mali
644 1767 656 1788 ‚
686 1735 761 1777 nifi
787 1736 926 1778 virtus
945 1735 1138 1776 animum
1171 1735 1246 1775 fibi
1267 1733 1458 1777 erexisset
1477 1765 1490 1784 ‚
1520 1736 1784 1792 brevemque
1820 1737 1919 1792 post

314 1799 627 1846 praestaturam,
646 1796 756 1835 forte
783 1808 874 1836 non
898 1794 1022 1848 plene
1043 1793 1293 1842 hiemalem,
1309 1792 1433 1834 tanto
1449 1793 1674 1848 gloriosius
1683 1798 1733 1838 ad
1749 1796 1920 1850 praemi-2

316 1871 394 1900 um
413 1852 619 1898 evocasset
639 1853 706 1894 die
728 1858 790 1896 18.
810 1854 915 1906 Aug.
938 1854 1065 1893 Anno
1095 1850 1399 1893 MCCCCXII.
1902 1849 1903 1852 ’

203 1934 376 1985 XXIII
416 1927 697 1971 GEORGIUS
725 1927 775 1966 Π.
794 1938 1054 1980 quamquam
1078 1925 1125 1966 in
1159 1924 1394 1967 calamitosa
1423 1932 1621 1981 tempora
1638 1928 1878 1970 succederet
1903 1957 1918 1978 ,

321 1986 605 2033 diuturnitate
622 1996 765 2025 tamen
781 1982 996 2038 regiminis
1015 1983 1213 2024 nonnihil
1236 1982 1446 2036 respirasse
1469 1985 1656 2029 videtur.
1714 1986 1922 2040 Principia

319 2051 400 2090 bus
451 2043 610 2086 etenim
633 2045 768 2083 Terrae
800 2041 844 2082 in
871 2040 1027 2083 deliciis
1044 2041 1128 2082 fuit
1145 2071 1157 2090 ,
1181 2039 1259 2093 qui
1289 2039 1378 2095 eius
1409 2054 1540 2095 opera
1557 2042 1602 2082 in
1634 2043 1920 2096 spiritualibus

317 2101 586 2161 potiffimum
614 2101 672 2140 usi
704 2103 814 2140 sunt.
868 2098 1141 2140 Univerfitati
1160 2099 1392 2139 Viennenfi
1415 2100 1437 2139 ὲ
1462 2099 1626 2153 gremio
1647 2102 1722 2141 suo
1739 2104 1918 2143 alterum

316 2162 474 2206 direxit
498 2156 773 2200 Profefforem
793 2158 838 2202 Ρ.
858 2155 1041 2207 Joannem
1063 2156 1275 2213 Pinzinger.
1332 2155 1555 2211 Privilegia
1586 2159 1757 2200 Domus
1776 2170 1826 2200 ut
1855 2174 1922 2200 re·-

319 2225 613 2267 novarentur,
652 2216 1011 2257 confirmarentur
1035 2243 1047 2263 ,
1077 2214 1118 2256 &
1153 2222 1414 2268 augerentur
1445 2244 1459 2266 ,
1503 2215 1648 2257 sedulo
1683 2218 1919 2258 contendit.

317 2278 510 2320 Moriens
538 2287 673 2329 porro
697 2303 710 2324 ,
740 2281 790 2314 ut
814 2274 973 2313 habent
990 2273 1276 2314 Monumenta
1292 2302 1305 2322 ‚
1332 2273 1512 2327 longum
1532 2274 1631 2327 post
1659 2276 1698 2315 se
1727 2274 1790 2317 sui
1817 2277 1921 2317 defi-

320 2335 486 2377 derium
504 2331 679 2386 reliquit
700 2329 767 2371 die
792 2342 854 2370 10.
870 2331 1108 2370 Nouembr.
1142 2333 1253 2370 Ann.
1281 2332 1653 2374 MCCCCXXVI.

206 2408 395 2458 XXIV.
425 2403 704 2446 NICOLAUS
725 2401 845 2443 brevi
862 2401 990 2442 unius
1004 2415 1050 2443 ac
1072 2401 1237 2444 dimidii
1249 2402 1361 2444 Anni
1383 2403 1588 2457 regimine
1607 2405 1720 2447 haud
1740 2407 1919 2447 multam

323 2465 570 2506 consecutus
595 2460 654 2502 est
673 2460 843 2513 copiam
861 2461 995 2501 multa
1021 2460 1184 2513 agendi.
1255 2461 1408 2515 Neque
1435 2471 1581 2503 tamen
1620 2465 1706 2503 fine
1736 2464 1919 2517 negotiis

323 2530 412 2563 erat
429 2551 441 2571 ,
471 2519 576 2561 teste
597 2517 816 2561 Archivio.
873 2516 1056 2560 Deceffit
1079 2520 1147 2559 die
1169 2531 1231 2569 19.
1260 2519 1339 2573 Jul.
1365 2521 1492 2559 Anno
1509 2520 1919 2562 MCCCCXXVlII.

205 2600 368 2647 XXV.
397 2595 716 2639 STEPHANUS
750 2596 801 2636 ΙΙ.
851 2594 1174 2650 quindecennali
1200 2594 1422 2635 Gubernio
1444 2597 1577 2639 multa
1595 2595 1716 2637 utilia
1734 2597 1772 2638 &
1796 2596 1920 2650 insig-

323 2656 393 2699 nia
414 2652 561 2709 geffit:
593 2653 638 2693 in
660 2653 816 2707 quibus
835 2654 1048 2707 praecipue
1067 2662 1221 2695 aeterna
1242 2653 1449 2694 memoria
1471 2654 1648 2708 dignum
1665 2682 1678 2702 ,
1707 2654 1825 2708 quod
1853 2657 1919 2696 Se·

322 2712 578 2757 reniffimam
612 2712 667 2751 D.
696 2713 1018 2753 CIMBURGIM
1039 2742 1051 2761 ,
1080 2710 1321 2766 Conjugem
1338 2712 1593 2761 ERNESTI,
1624 2723 1915 2765 cognomento

321 2772 481 2820 Ferrei,
513 2769 787 2818 Archiducis,
818 2771 1002 2811 Matrem
1027 2770 1305 2811 FRIDERICI
1347 2770 1491 2824 postea
1525 2771 1798 2824 Imperatoris
1833 2773 1920 2812 hoc

321 2829 500 2873 nomine
519 2826 634 2869 1V.t³·
660 2830 736 2869 sub
755 2827 907 2869 itinere
929 2828 1054 2869 Sacro
1079 2829 1253 2869 Cellenfi
1281 2828 1465 2869 Dirnizii
1484 2829 1719 2870 defunctam
1738 2859 1750 2879 ‚
1779 2829 1824 2869 in
1842 2831 1919 2870 Ec-

321 2890 438 2930 clefia
456 2886 597 2928 nostra
607 2887 832 2941 lugubrem
853 2887 903 2928 ad
914 2888 1132 2927 tumulum
1142 2886 1399 2928 conduxerit
1409 2891 1535 2927 Anno
1546 2888 1916 2935 MCCCCXXIX.

319 2945 581 2999 Praecipitata
638 2943 716 2998 jam
753 2953 874 2986 aetate
911 2943 1170 2986 diuturniori
1209 2944 1404 2998 regimini
1443 2945 1559 2986 ultro
1609 2944 1723 2987 ceffit
1772 2949 1914 2991 Anno.

321 3004 678 3046 MCCCCXLIII.
711 3003 779 3043 De
801 3002 926 3044 obitu
945 3000 1032 3056 ejus
1055 3016 1144 3045 non
1160 3003 1256 3045 satis
1282 3003 1459 3048 constat.

211 3082 397 3126 XXVI.
426 3085 624 3126 PETRUS
658 3085 688 3124 Ι.
716 3085 863 3125 Praesul
881 3083 1063 3124 eximius
1090 3086 1315 3126 Annorum
1351 3083 1670 3138 undetriginta,
1700 3094 1787 3127 tam
1808 3084 1917 3125 mul-

324 3149 366 3183 ta
390 3143 490 3185 tulit
511 3173 524 3194 ‚
554 3142 767 3198 fecitque,
789 3151 839 3185 ut
858 3142 1142 3185 immortalem
1160 3144 1274 3198 apud
1291 3155 1371 3183 nos
1387 3142 1449 3183 lui
1473 3144 1724 3186 memoriam
1734 3142 1912 3205 relique-

1841 3209 1912 3242 rit.
