2122 3507
184 156 366 202 Domini
383 155 530 212 jugum
551 157 603 198 ab
622 154 908 198 Adolescentia
926 163 1022 205 tua,
1052 157 1102 196 ab
1120 157 1198 198 hac
1217 155 1286 197 via
1302 164 1375 198 tua
1394 155 1495 211 justa
1514 157 1554 199 ὅτ
1573 159 1705 200 saneta
1716 161 1840 203 etiam
1853 163 1898 205 in

183 225 306 259 tanto
332 216 459 257 Senio
485 218 582 258 Tuo
610 214 860 268 neutiquam
891 212 1085 255 recessiffe
1104 245 1116 262 ‚
1149 214 1252 257 teste
1274 215 1394 256 omni
1419 216 1509 258 vita
1541 227 1635 266 tua,
1666 224 1898 272 conlpexe-

179 284 284 316 runt
305 304 318 326 ,
351 274 504 316 &ideo
523 282 682 316 tantam
702 272 746 313 in
774 273 833 312 Te
851 272 1191 315 Benedifflonem
1213 274 1311 315 DEI
1329 303 1342 325 ,
1372 283 1573 330 tanquam
1592 275 1638 317 in
1659 280 1897 321 mercedem

179 331 313 388 Justi,
343 331 546 375 festinasse
578 328 820 374 viderunt?

274 407 541 449 Hominibus
562 420 695 461 porro
717 408 845 460 quam
870 418 1012 447 rarum
1036 404 1298 460 charumque
1318 407 1606 461 Spectaculum
1626 407 1775 451 existas-
1791 439 1803 460 ,
1832 417 1895 451 ta·-²

178 463 375 507 centibus
398 466 548 516 nobis,
577 468 645 506 vel
677 464 810 505 oculis
842 463 1381 506 omniumluculentiffime
1400 466 1602 520 ingerunt
1624 467 1786 521 ingenti
1814 481 1894 510 nu-

175 535 321 572 mero,
339 526 505 578 qualem
523 523 600 564 vix
616 535 783 577 unqum
803 521 1094 577 Campililium
1113 522 1244 572 vidit,
1263 535 1529 565 accurrentes
1541 526 1702 566 Summi
1715 556 1726 574 ,
1748 527 1787 567 &
1803 527 1893 567 imi.

174 579 408 623 Rectissime
425 581 637 636 equidem.
697 582 817 622 Adeo
838 581 952 622 enim
974 582 1062 621 haec
1075 580 1228 635 Jubilei
1255 582 1318 621 tui
1341 582 1550 623 Solemnia
1564 585 1627 624 tui
1650 584 1775 625 solius
1799 599 1890 626 non

172 641 299 690 sunt,
330 649 380 681 ut
415 640 563 693 potius
591 641 641 680 ad
661 653 811 680 omnes
831 640 1066 688 attineant,
1095 647 1320 692 quotquot
1336 639 1402 679 illa
1421 641 1490 680 sua
1511 641 1588 682 esse
1618 643 1893 697 percupiunt.

171 695 384 738 Omnium
404 697 545 752 agitur
571 699 688 739 causa
705 728 717 748 ‚
749 697 787 739 &
816 700 920 739 ialus
941 727 953 746 ,
984 696 1154 751 quoties
1179 709 1321 737 novus
1350 699 1399 737 ad
1436 701 1561 739 Aram
1579 701 1777 742 Sacerdos
1800 703 1889 742 Pri-

170 753 320 796 mitius
339 756 471 797 adstat
489 769 500 796 ε
529 768 582 797 ex
597 769 688 811 quo
708 756 845 810 Mysta
864 758 971 796 lacer
988 754 1287 809 unusquisque
1304 754 1519 796 Mediator
1542 758 1599 799 est
1622 760 1763 801 noster
1772 774 1888 801 com.

168 813 314 855 munis
333 816 383 855 acl
404 816 568 856 DEUM
588 845 600 862 ‚
618 814 804 856 nostram
822 813 1048 854 Vifflmam
1068 812 1265 854 immolat
1281 843 1293 862 ‚
1322 813 1681 866 Propitiationem
1701 819 1887 860 nostram

166 871 322 925 quaerit
337 903 350 923 ,
382 872 423 914 δῖ
448 873 663 925 impetrat.
722 874 845 911 Anne
862 870 969 912 vero
989 870 1129 911 minus
1148 870 1344 912 Primitio
1365 873 1588 914 Sacerdote
1607 874 1743 927 Mysta
1765 876 1883 930 Jubi-

164 930 255 970 leus
278 929 510 984 exequitur
530 930 546 971 ?
575 928 753 969 minime
782 928 990 983 gentium.
1060 929 1278 970 Primitius
1301 931 1500 971 Sacerdos
1518 931 1721 973 universae
1747 936 1884 975 Eccle-

163 988 230 1028 fiae
255 988 371 1040 spem
397 988 558 1041 praebet
582 986 744 1028 studius
772 985 916 1041 eximij
932 986 1223 1041 percipiendi:
1256 987 1442 1046 Jubileus
1458 1001 1593 1043 porro
1618 989 1783 1032 infinita
1803 991 1885 1045 jam

162 1047 392 1086 commoda
423 1044 799 1100 quinquagenariis
833 1046 963 1087 Sacris
986 1045 1234 1087 contulitin
1253 1060 1430 1097 omnes,
1462 1049 1580 1087 nullo
1609 1048 1882 1101 gratitudinis

158 1115 314 1156 genere
335 1117 416 1157 pro
438 1103 644 1158 dignitate
659 1105 984 1157 compensanda.
1042 1104 1082 1144 Si
1108 1104 1254 1159 itaque
1288 1106 1338 1146 ad
1368 1105 1552 1159 Nuptias
1582 1107 1883 1150 Eucharisticas

159 1159 338 1215 Primitij
356 1162 591 1204 Sacerdotis
630 1171 718 1204 tam
754 1161 903 1204 festive
931 1163 1193 1213 accurritur,
1223 1162 1291 1204 cui
1313 1164 1397 1204 sola
1426 1166 1607 1205 debetur
1636 1166 1882 1207 Gratulatio

156 1218 379 1273 auspicatae
396 1219 653 1275 Dignitatis‚
678 1220 924 1274 votumque
935 1219 1121 1273 ejusdem
1144 1223 1250 1261 bene
1277 1221 1484 1275 beate'que
1502 1225 1715 1276 gerendae:
1744 1237 1880 1278 quan-

156 1277 206 1318 to
224 1279 427 1319 celebrius
446 1281 752 1320 accurrentium
773 1281 824 1320 ad
840 1279 1024 1331 Nuptias
1038 1278 1272 1318 Sacerdotis
1289 1279 1467 1332 jubilei,
1498 1278 1618 1333 cujus
1639 1282 1791 1323 Manus
1810 1286 1882 1324 be-

156 1335 330 1378 nedic'cae
354 1350 444 1378 non
458 1337 592 1378 modo
613 1338 1012 1377 exosculandaesunt
1032 1335 1281 1376 reverentiae
1297 1334 1435 1385 caula,
1464 1342 1616 1378 verum
1639 1339 1765 1380 etiam
1785 1341 1879 1381 mil-

153 1394 193 1434 le
213 1393 350 1436 titulis
368 1394 520 1435 debitae
538 1393 810 1448 gratitudinis
832 1406 934 1447 ergo
956 1406 1036 1444 pro
1057 1403 1126 1433 tot
1144 1393 1273 1433 Sacris
1292 1392 1372 1445 jam
1392 1394 1489 1434 acstis
1505 1425 1517 1443 ,
1547 1394 1706 1448 quibus
1728 1399 1878 1440 Gloria

154 1452 278 1492 DEO
292 1480 305 1501 ,
334 1450 447 1492 vivis
473 1452 606 1504 gratia
623 1481 635 1501 ‚
665 1451 874 1492 defunctis
891 1448 1135 1501 suffragium
1154 1449 1194 1490 ὅτ
1223 1450 1391 1501 requies
1408 1479 1420 1499 ,
1450 1451 1601 1501 toties,
1618 1463 1746 1507 atque
1762 1457 1875 1510 reip-

152 1511 194 1550 sa
228 1511 488 1551 accumulata
513 1507 666 1548 fuere?
695 1508 762 1546 Ne
793 1506 928 1547 dicam
946 1534 959 1554 ,
989 1508 1311 1559 propemodum
1343 1507 1548 1548 omnibus
1566 1509 1691 1550 citius
1713 1513 1838 1553 licere
1862 1543 1874 1564 ‚

151 1566 267 1609 mille
299 1565 518 1606 Primitios
543 1564 589 1606 in
613 1566 696 1605 Ara
723 1564 968 1606 Sacerdotes
999 1564 1224 1616 venerari,
1255 1566 1385 1620 quam
1411 1567 1479 1607 vel
1498 1579 1633 1608 unum
1655 1569 1873 1623 Jubileum

149 1623 346 1680 speritate.

192 1698 196 1701 ’
243 1699 399 1744 Nullus
417 1701 560 1744 adhaec
579 1699 744 1757 Jubilus
770 1699 957 1755 speaatu
975 1699 1147 1756 dignior
1164 1732 1177 1753 ‚
1209 1699 1438 1757 jucundior
1455 1733 1467 1754 ,
1497 1712 1627 1760 atque
1643 1706 1795 1750 utilior
1812 1710 1871 1752 est

144 1773 233 1817 prae
247 1758 390 1817 Jubilo
417 1760 683 1802 Sacerdotali.
760 1760 864 1800 Non
888 1759 1086 1813 dignior,
1117 1761 1218 1815 quia
1252 1764 1365 1803 nulla
1384 1762 1429 1803 in
1458 1764 1580 1805 omni
1611 1766 1780 1807 Mundo
1810 1769 1870 1810 esi:

143 1818 270 1861 Actio
291 1818 472 1861 sanfflor
489 1847 502 1870 ‚
532 1820 663 1872 quam
676 1817 935 1860 Sacrificium
955 1818 1232 1860 incruentum
1252 1849 1264 1870 ‚
1295 1829 1365 1861 tot
1385 1824 1614 1863 Annorum
1643 1824 1871 1867 decadibus

141 1878 482 1933 frequentatum.
546 1876 650 1918 Non
679 1875 909 1932 jucundior
929 1905 941 1925 ‚
973 1877 1073 1932 quia
1088 1879 1256 1919 lucrum
1275 1880 1538 1920 solemnium
1559 1880 1738 1923 istorum
1757 1885 1870 1927 redit

143 1937 196 1977 ad
213 1947 363 1976 omnes
377 1945 431 1976 ex
448 1935 589 1976 oblata
604 1948 687 1991 pro
705 1936 910 1976 omnibus
927 1935 1078 1977 Hostia
1095 1936 1282 1987 salutari,
1301 1938 1470 1979 &omni
1478 1939 1783 1993 busimpertita
1793 1943 1867 1996 Ju-

142 1993 250 2035 bilea
283 1992 595 2034 Benedictione.
668 1991 773 2035 Non
790 1994 965 2035 demum
999 1994 1182 2036 utilior:
1211 1996 1421 2050 siquidem
1450 1997 1601 2039 Virtus
1622 1999 1663 2040 ἃ*
1684 1998 1866 2042 efficacia

136 2052 365 2094 Sacrorum
396 2051 577 2094 istorum
614 2060 811 2105 penetrat
836 2054 970 2093 nubes
992 2083 1003 2103 ,
1033 2063 1237 2108 operatur
1259 2054 1305 2095 in
1342 2055 1491 2105 terris,
1524 2054 1690 2111 suoque
1726 2061 1864 2100 modo

138 2110 349 2165 pertingit
367 2111 416 2152 ad
444 2110 603 2152 inferos
626 2140 640 2161 ‚
670 2112 855 2152 Ecclefiae
875 2119 962 2151 tam
981 2112 1284 2164 Triumphanti
1301 2143 1312 2161 ‚
1335 2115 1466 2167 quam
1485 2114 1713 2165 Militanti,
1731 2118 1863 2170 quam

134 2180 222 2223 que
242 2167 442 2222 Purganti
460 2168 577 2210 votis
597 2168 795 2209 maximis
816 2170 1067 2221 expetenda.
1127 2168 1311 2210 Honore
1321 2172 1420 2211 sunt
1438 2170 1554 2224 digni
1571 2172 1864 2229 ConiugesJu.

130 2226 253 2276 bilei,
265 2239 458 2281 ¹quorum
475 2228 541 2267 Tu
560 2226 676 2267 Paria
695 2227 816 2281 plura
833 2234 1012 2267 tuorum
1025 2227 1295 2268 subditorum
1312 2229 1335 2269 ὲ
1352 2240 1534 2269 numero
1554 2243 1669 2272 nova
1683 2232 1860 2273 Benedi-

132 2283 278 2326 &ione
296 2284 477 2339 nuptiali
498 2282 971 2338 solemniterimpertita
989 2284 1128 2327 beasti.
1185 2287 1495 2328 Verumtamen
1514 2290 1676 2328 horum
1704 2287 1861 2340 jubilus

136 2344 161 2383 ὲ
178 2344 275 2384 Τιιο
292 2344 462 2384 tantum
482 2341 603 2385 distat
623 2373 635 2393 ‚
667 2351 879 2397 quantum
898 2345 920 2384 a
938 2342 1148 2385 Sacrificio
1168 2343 1512 2386 Matrimonium.
1567 2346 1666 2388 Esto
1682 2348 1858 2400 deinde,

133 2401 225 2442 Rex
241 2399 368 2442 etiam
386 2401 499 2443 foret
514 2430 526 2451 ‚
544 2403 612 2442 vel
630 2402 764 2442 Caesar
781 2431 793 2452 ‚
820 2399 987 2455 Jubileo
1003 2400 1208 2455 regimine
1225 2401 1397 2444 inclitus
1413 2433 1424 2454 ,
1445 2401 1859 2457 cujusmodiSolem-

132 2458 204 2500 nia
227 2459 376 2500 Seculo
403 2459 538 2513 priori
565 2458 687 2513 egiffe
709 2459 998 2500 Christianum
1018 2461 1091 2500 IV.
1122 2460 1270 2502 Daniae
1286 2462 1443 2516 Regem
1468 2462 1665 2504 inaudito
1698 2477 1858 2519 prope-

130 2517 315 2558 modum
333 2519 532 2571 exemplo
554 2519 698 2559 ferunt
719 2517 917 2560 Historiae
937 2531 946 2558 :
972 2532 1049 2559 nec
1064 2517 1150 2572 ipsa
1168 2521 1255 2560 haec
1274 2529 1416 2561 tamen
1437 2521 1623 2574 Augusta
1641 2523 1855 2565 Solemnia

129 2574 247 2629 paria
265 2576 409 2617 forent
428 2576 696 2617 Solemnibus
712 2575 812 2616 Tuis
831 2605 843 2626 ,
873 2575 1080 2630 quoniam
1091 2578 1158 2618 vel
1168 2577 1282 2631 ipsos
1302 2580 1432 2633 Reges
1451 2594 1497 2621 ac
1516 2579 1730 2634 Principes
1752 2583 1854 2623 Pur-

129 2645 282 2686 puram
323 2635 439 2675 suam
470 2635 797 2688 quodammodo
824 2646 1011 2685 exuere,
1041 2636 1268 2689 Sceptrum
1298 2648 1462 2691 ponere
1482 2667 1495 2684 ‚
1526 2652 1730 2679 coronam
1758 2642 1852 2680 sub-

128 2691 299 2733 mittere
313 2702 494 2746 oportet
508 2692 721 2735 Sacerdoti
733 2721 746 2743 ,
768 2689 944 2748 ejusque
953 2695 1072 2735 Sacra
1090 2693 1282 2735 facientis
1298 2696 1489 2737 adr-Aram
1504 2696 1798 2751 adgeniculari.

220 2769 351 2811 Ecce!
382 2772 512 2824 quam
538 2783 730 2822 novum,
765 2771 1060 2825 quamgrande
1070 2768 1115 2812 in
1132 2773 1190 2813 Te
1207 2771 1338 2814 hodie
1358 2761 1651 2826 Spectaculum
1670 2774 1847 2816 intuear.

127 2825 267 2867 Video
289 2837 432 2870 autem
452 2828 497 2869 in
519 2830 578 2870 Te
595 2831 723 2883 longe
740 2831 863 2883 plura
881 2830 1021 2872 adhuc
1039 2842 1180 2871 nova:
1212 2844 1308 2885 quae
1327 2832 1352 2872 fi
1375 2831 1489 2873 effari
1510 2834 1661 2873 vellem
1679 2832 1846 2883 omnia,

126 2885 168 2925 &
184 2892 384 2939 tanquam
410 2887 586 2928 minime
606 2887 794 2942 vulgaria
812 2918 825 2938 ‚
853 2889 922 2929 sed
942 2902 1034 2930 rara
1048 2891 1170 2943 plane
1188 2887 1227 2931 &
1245 2889 1434 2941 insolita,
1447 2890 1631 2931 dictione
1644 2904 1729 2930 non
1748 2892 1844 2931 vul-

125 2941 215 2996 gari
229 2945 432 2986 celebrare
449 2975 462 2996 ,
494 2955 719 3000 oporteret
735 2959 802 2986 me
817 2946 912 2988 sane
928 2976 941 2996 ,
970 2946 1045 3002 ipfl
1071 2946 1145 2988 soli
1173 2960 1271 2989 cum
1288 2947 1413 3004 Josue
1431 2979 1442 2997 ‚
1472 2959 1522 2990 ut
1541 2948 1669 2989 hodie
1687 2947 1811 2989 staret
1828 2979 1842 2999 ,

125 2999 346 3053 imperare.
406 3005 643 3045 Communi
662 3005 807 3059 itaque
834 3006 993 3046 horum
1012 3005 1212 3046 omnium
1241 3004 1615 3048 devotissimorum
1635 3005 1842 3047 Filiorum

121 3059 318 3099 ’suorum
337 3088 350 3108 ,
375 3062 555 3103 Paterno
576 3062 622 3103 in
648 3063 793 3118 Jubilo
824 3065 919 3103 Tuo
949 3062 1054 3105 totis
1076 3064 1225 3105 animis
1257 3064 1543 3106 exultantium
1563 3093 1575 3112 ‚
1609 3063 1798 3104 Confilio
1826 3094 1840 3116 ,

121 3125 270 3158 caetera
287 3117 433 3159 omnia
451 3120 617 3161 Decora
635 3123 726 3162 Tua
749 3121 866 3162 hunc
880 3121 924 3162 in
945 3122 1154 3163 Libellum
1173 3123 1434 3176 compendio
1452 3123 1640 3174 quodam
1658 3122 1842 3175 Symbo-

119 3173 204 3217 lico
221 3174 426 3232 congeffi:
450 3190 583 3232 quem
598 3179 694 3223 Tibi
709 3179 922 3222 unanimis
939 3181 1028 3222 haec
1044 3181 1252 3223 Filiorum
1268 3183 1464 3223 Tuorum
1482 3192 1641 3221 corona
1658 3179 1703 3221 in
1720 3189 1839 3220 aeter-

943 3239 967 3281 f
992 3251 1018 3280 2
1739 3252 1839 3280 nam
