2122 3507
254 222 300 254 10
920 203 1065 250 ἓίὲἓῷ(
1087 214 1113 240 0
1136 201 1297 250 >Qffi393‘

365 296 447 338 An.
475 284 816 332 MCCLXXXII.
847 283 977 326 Ceffit
998 283 1104 325 vero
1132 284 1340 338 Regimini
1358 316 1369 336 ‚
1401 286 1441 328 &
1461 299 1573 327 anno
1591 288 1782 343 sequenti
1802 291 1955 335 chartae

361 347 563 394 Weicbardi
580 343 751 385 Abbatis
774 342 968 393 testatuS,
983 341 1178 383 scribitur
1193 342 1376 395 quondam
1400 341 1548 384 Abbas.

251 427 308 470 X.
332 413 709 463 WEICHARDUS
747 411 1056 465 Hospitalitatis
1085 411 1129 451 in
1154 424 1360 465 pauperes
1391 412 1617 453 liberaliter
1644 412 1839 467 impensae
1863 430 1955 470 gra-

363 476 422 520 tia
448 472 618 528 publico
649 470 890 511 chartarum
921 470 1061 522 elogio
1082 469 1316 522 plurimam
1345 473 1690 521 commendatus,
1722 473 1957 515 misericor-

365 538 461 576 dem
486 529 668 571 animam
685 527 755 581 pie
775 527 861 582 egit
878 530 1004 569 Anno
1024 528 1372 570 MCCLXXXV.
1402 536 1541 570 meme
1559 543 1605 569 ac
1633 529 1700 570 die
1718 544 1808 571 non
1836 545 1956 572 com-

363 598 500 647 perto.

253 675 338 720 XI,
369 662 711 708 CHUNRADUS
739 663 790 705 11.
819 662 928 716 paris
948 662 1080 704 laudis
1108 661 1208 703 felix
1225 663 1444 702 aemulator
1461 692 1472 712 ,
1505 661 1562 703 ita
1579 692 1591 712 ‚
1623 670 1673 703 ut
1693 661 1870 716 ipsemet
1890 663 1958 703 in-

362 726 503 778 digere
524 720 739 774 jnciperet
762 750 774 770 ‚
803 722 854 760 ab
881 718 1041 762 Alberto
1058 751 1071 770 ,
1100 720 1242 761 Primo
1269 720 1443 761 Austri-ae
1480 721 1601 760 Duce
1629 720 1923 774 Habspurgico
1940 749 1958 771 ,

365 782 510 838 postea
539 779 695 819 Caesare
718 808 730 828 ,
763 777 1052 832 ampliffimam
1084 777 1409 831 Privilegiorum
1438 790 1518 828 pro
1545 778 1804 819 Monasterio
1836 779 1956 818 Con-

363 837 650 882 firmationem
668 866 680 886 ‚
710 836 749 877 ὅτ
767 838 817 876 ab
838 836 1011 877 Henrico
1038 835 1216 876 Bavariae
1244 837 1364 875 Duce
1392 835 1707 876 immunitatem
1725 836 1870 876 salium
1886 837 1956 876 Sa·-

362 897 686 949 lisburgenlium
715 895 962 936 consecutus
982 924 995 945 ,
1033 894 1168 936 vitam
1188 907 1287 934 cum
1306 903 1447 934 morte
1470 893 1756 936 commutavit
1788 894 1855 934 die
1888 905 1954 939 10.

364 960 473 1009 Aug.
497 957 576 995 An.
599 952 879 993 MCCXCIII.

251 1029 363 1074 XII.
392 1025 605 1068 ALBERO
628 1023 885 1078 cognomine
908 1023 1186 1077 Paterfamilias
1205 1054 1217 1075 ‚
1248 1023 1419 1078 optimo
1441 1023 1544 1064 illud
1568 1022 1713 1063 omine
1733 1023 1924 1076 explevit
1940 1048 1956 1069 ‚

369 1083 539 1134 multis,
561 1096 662 1137 quas
681 1082 843 1135 recepit
864 1112 876 1132 ‚
907 1083 1226 1123 Donationibus
1245 1112 1258 1132 ,
1289 1084 1329 1123 ὅ(
1355 1081 1501 1123 multis
1525 1111 1536 1131 ‚
1566 1093 1676 1134 quos
1695 1081 1922 1122 celebravit
1941 1108 1956 1128 ‚

368 1143 544 1185 utilibus
582 1140 880 1181 Coun-affibus
904 1152 956 1180 ex
976 1140 1179 1181 Archivio
1204 1149 1346 1181 notus,
1402 1138 1565 1179 Meritis
1583 1136 1669 1191 ejus
1688 1139 1875 1192 permoti
1895 1141 1957 1180 se·

369 1201 504 1243 decim
524 1198 741 1251 Episcopi,
770 1200 793 1238 ὲι
810 1197 1047 1239 Literarum
1065 1197 1232 1239 scientia
1249 1228 1261 1248 ,
1291 1199 1330 1239 &
1346 1197 1464 1238 Iacris
1483 1196 1797 1237 eruditionibus
1814 1227 1826 1246 ,
1854 1199 1958 1237 mel·

367 1258 580 1310 lifluisque
618 1254 818 1295 doctrinis
850 1267 948 1294 eum
978 1255 1197 1309 infigniter
1221 1257 1565 1296 commendantes
1590 1283 1603 1303 ‚
1647 1254 1848 1295 omnibus
1867 1253 1958 1307 ejus

369 1314 530 1357 Missam
552 1343 564 1361 ,
592 1314 662 1352 vel
683 1312 929 1351 Sermonem
948 1312 1158 1352 audituris
1178 1343 1189 1362 ,
1204 1321 1278 1353 aut
1294 1322 1462 1365 peccata
1479 1315 1545 1353 sua
1568 1313 1604 1352 ei
1625 1313 1959 1363 confitentibus,

367 1370 516 1425 singuli
541 1367 824 1421 Indulgentias
848 1367 1148 1409 concesserunt.
1209 1369 1354 1422 Coepit
1370 1372 1445 1409 sub
1463 1383 1514 1409 eo
1534 1371 1734 1412 Sacellum
1750 1372 1788 1414 S.
1819 1371 1956 1411 Coesa-

366 1430 447 1478 rii,
475 1424 709 1467 fundatrice
730 1424 788 1465 D.
820 1424 1060 1481 sh'argareta
1082 1424 1302 1467 Comitisla
1319 1424 1362 1467 de
1386 1424 1588 1481 Pfanberg.
1643 1429 1740 1468 Fata
1764 1431 1957 1481 suprema.

364 1484 524 1528 subivit
547 1488 624 1528 An.
645 1483 861 1523 MCCCII.
890 1485 1029 1523 mense
1044 1498 1090 1524 ac
1116 1483 1183 1524 die
1201 1486 1359 1524 calamo
1379 1481 1591 1537 Majorum
1612 1485 1922 1528 adhaerentibus
1939 1516 1954 1538 ,

366 1541 642 1599 primumque
670 1537 896 1596 Campililij
921 1541 1116 1584 Seculum
1138 1554 1235 1584 cum
1254 1541 1387 1596 gloria
1403 1540 1562 1584 finivit.

899 1662 1117 1718 Seculum
1150 1658 1309 1721 ILdu'n‘

251 1781 389 1829 XIII.
424 1779 630 1822 PAULUS
656 1779 710 1820 II.
739 1776 852 1820 Ciim
890 1789 944 1818 ne
969 1778 1104 1818 ullum
1133 1777 1309 1833 quidem
1338 1775 1672 1821 instrumentum
1708 1777 1980 1833 suffragetur·

254 1854 259 1857 ’
364 1837 507 1883 Thomae
522 1868 535 1890 ,
564 1852 693 1893 quem
719 1845 883 1878 veteres
902 1836 1093 1889 Catalogi
1112 1835 1245 1878 nostri
1267 1833 1450 1878 Alberom·
1465 1836 1746 1878 Successorem
1763 1835 1915 1879 dedere
1942 1866 1959 1888 ,

364 1899 500 1940 immo
530 1894 822 1950 compluribus
860 1893 978 1935 annis
1009 1923 1021 1944 ,
1058 1893 1133 1947 qui
1170 1894 1308 1936 eidem
1347 1893 1647 1935 tribuebantur
1678 1923 1690 1945 ‚
1729 1894 1957 1948 perspicuo

364 1958 602 1997 chartarum
628 1952 873 1995 testimonio
891 1951 1107 2004 praefuerit
1125 1951 1271 1993 Albero
1288 1963 1299 1990 ε
1321 1950 1486 1993 dimiss'o
1502 1945 1639 1993 Tboma
1657 1982 1670 2003 ‚
1705 1951 1958 2005 proximum

365 2012 632 2067 agnoscimus
657 2008 819 2051 Paulum
842 2006 970 2049 ILdm·
1018 2009 1103 2049 Hic
1119 2009 1218 2063 quia
1237 2009 1392 2050 eximie
1412 2011 1450 2051 &
1470 2012 1671 2064 prospere
1691 2009 1777 2063 egit
1794 2009 1839 2049 in
1849 2011 1961 2050 mul-

364 2072 421 2112 tis
437 2099 449 2119 ‚
467 2072 563 2111 usus
580 2069 831 2123 plerumque
849 2066 1056 2121 potestate
1071 2081 1117 2108 ac
1126 2066 1256 2120 gratia
1274 2064 1454 2108 Friderici
1470 2067 1638 2108 Pulchri
1664 2068 1960 2109 Romanorum

365 2128 487 2182 Regis
513 2140 524 2167 t
554 2127 758 2168 testantur
774 2127 825 2166 de
849 2139 901 2165 eo
921 2125 1203 2165 Monumenta
1227 2124 1367 2166 nostra
1385 2153 1397 2173 ,
1426 2136 1526 2164 eum
1548 2154 1560 2174 ,
1591 2124 1780 2165 maximo
1802 2125 1865 2165 sui
1886 2127 1960 2167 de-

365 2184 518 2227 fiderio
542 2184 687 2226 reliisto
709 2211 722 2233 ‚
752 2180 890 2223 abiisse
918 2183 968 2222 ad
991 2183 1131 2222 Patres
1148 2185 1228 2222 An.
1257 2182 1542 2223 MCCCXVI.

249 2255 384 2298 XIV.
423 2251 718 2294 OTOCARUS
746 2249 790 2290 in
816 2250 961 2290 favore
988 2261 1094 2290 mox
1121 2248 1277 2290 laudati
1306 2249 1427 2303 Regis
1448 2249 1536 2302 pari
1567 2251 1665 2291 loco
1692 2251 1918 2292 succedens
1940 2277 1957 2299 ,

366 2310 645 2366 prosperitate
680 2321 771 2349 non
806 2306 959 2360 impari
984 2307 1147 2360 gavisus
1181 2307 1251 2348 est.
1322 2307 1486 2348 Primus
1511 2308 1647 2349 erexit
1676 2309 1880 2349 Sacellum
1911 2307 1959 2349 in

365 2378 516 2410 monte
538 2367 761 2420 Tannberg
780 2395 793 2416 ‚
832 2366 889 2406 D.
917 2367 1048 2406 Annae
1074 2368 1278 2406 sacratum
1296 2393 1309 2414 ‚
1334 2367 1451 2420 quod
1481 2365 1625 2420 postea
1643 2366 1841 2407 futurum
1871 2373 1961 2407 erat

365 2427 541 2469 Ecclefia
566 2424 759 2478 plurimis
780 2422 921 2477 gratiis
947 2423 1137 2476 supernis
1164 2422 1319 2463 inclita.
1372 2424 1486 2464 Bulla
1505 2425 1697 2477 quaedam
1712 2424 1865 2474 Ioannis
1883 2425 1960 2464 Pa-

366 2497 431 2538 pae
448 2479 640 2524 XXII.‘¹¹'·
671 2484 722 2522 de
744 2483 869 2521 Anno
889 2481 1201 2522 MCCCXXX.
1230 2480 1379 2521 diserte
1405 2490 1644 2532 memorat,
1673 2484 1748 2522 sub
1781 2495 1832 2522 eo
1861 2496 1961 2523 cen·

366 2551 462 2582 tum
501 2541 541 2582 &
580 2541 722 2594 plures
750 2537 975 2592 Campililij
1000 2540 1236 2580 Monachos
1256 2538 1302 2578 in
1329 2539 1460 2578 samaa
1485 2538 1665 2591 regulari
1693 2539 1960 2580 observantia

367 2596 598 2652 perstitifl‘e.
656 2600 782 2639 Anno
801 2598 1170 2639 MCCCXXXIII.
1201 2597 1251 2637 ad
1269 2597 1377 2637 latus
1395 2599 1486 2636 Arae
1517 2597 1699 2636 Summae
1725 2596 1961 2638 tumulavit

367 2659 453 2697 huc
463 2656 684 2697 adve&um
695 2657 821 2695 funus
840 2654 1007 2696 illustris
1017 2656 1071 2696 D.
1089 2653 1265 2696 Alhaidis
1283 2651 1512 2694 Comitiffae
1521 2652 1564 2694 de
1580 2652 1800 2709 Haygerloh
1815 2684 1827 2704 ‚
1850 2667 1957 2708 nup.

367 2724 420 2756 toe
438 2715 493 2754 D.
515 2712 675 2755 Conradz·
694 2712 877 2754 Comitis
898 2713 941 2755 de
969 2711 1214 2767 Schaunberg.
1270 2713 1359 2765 Ipse
1383 2711 1488 2752 vero
1507 2711 1720 2765 quiescens
1739 2713 1909 2753 tandem
1935 2714 1960 2753 ὲ

366 2771 580 2814 laboribus
599 2800 611 2820 ‚
654 2771 822 2825 integro
856 2770 1055 2812 vicennio
1088 2767 1302 2811 utilissime
1321 2769 1444 2818 actis,
1472 2780 1670 2811 aeternam
1691 2772 1741 2812 ad
1763 2770 1959 2825 requiem

367 2829 555 2872 avolavit
574 2829 640 2870 die
664 2842 698 2876 5.
718 2830 954 2870 Nouembr.
984 2830 1065 2872 An.
1097 2828 1475 2872 MCCCXXXVI.

256 2908 362 2951 XV.
399 2903 728 2945 LEOPOLDUS
777 2905 896 2957 aeque
916 2902 1092 2957 vigilans
1115 2917 1160 2944 ac
1177 2902 1361 2945 solicitus
1379 2933 1391 2952 ‚
1424 2904 1644 2957 prolixum
1669 2905 1858 2947 filiorum
1877 2919 1958 2947 nu-

370 2975 538 3004 merum
571 2961 743 3014 paterne
769 2975 946 3011 curans,
977 2974 1246 3015 nequaquam
1266 2961 1495 3002 imminuit.
1552 2964 1759 3016 Insignem
1789 2965 1957 3005 Benesa-

372 3022 533 3062 &orem
552 3019 699 3059 habuit
722 3019 775 3058 D.
793 3017 1029 3060 Chunradum
1048 3021 1119 3060 IV.
1141 3019 1395 3073 Episcopum
1408 3020 1722 3076 Frifingensem:
1747 3019 1865 3074 cujus
1880 3022 1959 3063 eti-

370 3093 437 3120 arn
471 3079 723 3118 venerandas
758 3077 932 3118 exuvias
962 3079 1035 3117 sub
1063 3081 1235 3119 Annum
1265 3078 1518 3119 MCCCXL.
1554 3079 1597 3119 in
1627 3081 1795 3121 Ecclelia
1815 3080 1955 3121 nostra

348 3147 467 3179 ‚ante
499 3141 621 3177 Aram
650 3140 853 3176 summam
885 3134 1093 3190 deposuit.
1177 3137 1266 3191 lpse
1291 3148 1424 3190 porro
1450 3138 1546 3178 suos
1568 3139 1684 3181 beata
1700 3148 1842 3180 morte
1861 3135 1959 3177 reli-

371 3194 467 3248 quit
483 3198 559 3235 An.
581 3193 874 3237 MCCCXLII.
1817 3250 1942 3293 XVI
