2122 3507
142 130 737 224 Qtinquagcsmmm,
773 127 843 194 ἃ
863 125 1166 212 appellari
1191 127 1410 193 debuit
1425 127 1689 215 Re772ff0
1711 147 1854 196 cml-

140 226 253 289 c‘i'is
281 215 717 288 habitatoribus
747 214 810 280 T
801 236 955 280 errae
980 212 1134 281 suae:
1182 213 1322 301 Ipse
1347 218 1517 282 enim
1547 236 1677 285 erat
1709 219 1855 284 Sab-

143 314 362 377 batum
392 308 804 373 Sabbatorum
819 355 837 383 ‚
869 303 1202 388 Ammsque
1215 303 1503 388 Jubilem
1518 357 1536 388 ,
1562 309 1626 372 in
1649 307 1856 391 jubilo

140 398 436 484 agendus,
529 393 742 459 Liceat
801 394 1013 477 itaque
1071 393 1260 456 etiam
1314 393 1496 459 nobis
1540 414 1657 479 per
1709 395 1805 459 Te
1835 445 1857 475 ‚

142 485 422 553 exultare
451 486 516 546 in
541 481 665 546 Te:
691 480 959 566 qualiter
983 482 1133 545 citra
1155 480 1425 547 dubium
1458 481 1698 547 exultat
1720 483 1857 565 Spi-

140 579 296 642 ritus
325 573 503 636 Tuus
543 572 608 635 in
643 570 830 636 DEO
865 567 1126 635 Saluta-ri
1170 566 1299 634 suo.
1395 571 1729 657 Qiantum
1761 570 1856 633 Te

139 658 668 745 cunque‘laudari
697 661 1011 743 putaveris
1044 709 1061 738 ‚
1110 658 1491 741 magnificari
1513 662 1578 724 in
1617 659 1712 722 Te
1753 679 1858 723 au-

139 752 272 817 dies
298 749 659 814 Dominum
681 748 918 812 Tuum.
1013 748 1231 812 Bonus
1272 767 1367 827 eS,
1419 747 1488 813 <Sc
1526 749 1854 833 optimus:

138 840 278 904 tute
322 838 475 902 verb
520 835 852 919 intelligis,
902 855 1017 920 per
1060 855 1253 919 quem
1296 834 1371 900 fis
1412 836 1639 900 bonuS.
1737 832 1860 900 Sed

138 928 212 995 &z
240 946 356 992 nos
388 927 620 1010 pariter
646 927 680 990 a
716 925 810 989 Te
849 921 933 989 sat
965 920 1275 1008 superque
1303 924 1432 1006 jam
1471 923 1805 988 didicimus
1836 971 1862 1002 ,

141 1036 335 1082 omne
373 1014 588 1078 datum
630 1015 984 1098 optimum,
1026 1012 1096 1079 ἃ
1138 1033 1330 1077 omne
1367 1012 1615 1078 donum
1651 1011 1858 1097 perfe-

138 1105 318 1171 &um
344 1102 515 1167 unde
554 1098 896 1167 descendat.
993 1101 1107 1166 Uti
1131 1102 1349 1166 Virtus
1372 1099 1616 1166 laudata
1648 1095 1862 1163 crescit

140 1193 314 1278 apud
343 1211 450 1255 eos
476 1240 493 1269 ‚
543 1192 655 1274 qui
696 1191 849 1253 boni
888 1192 1016 1272 jam
1046 1184 1217 1256 sunt:
1243 1191 1327 1253 ita
1355 1192 1588 1274 pariter
1623 1187 1725 1252 illa
1751 1188 1859 1251 be-

139 1284 223 1347 ne
253 1280 480 1343 merito
505 1276 884 1339 excellentiae
916 1272 1032 1337 suae
1064 1279 1419 1357 praeconi0‚
1458 1277 1655 1342 veluti
1686 1273 1860 1340 semi-

137 1388 220 1432 ne
250 1364 530 1449 quodam
558 1358 866 1426 foecundo
884 1410 902 1440 ‚
941 1358 1019 1422 ad
1049 1358 1201 1423 alios
1231 1381 1637 1446 propagatur.
1722 1362 1862 1430 Nisi

137 1454 385 1520 laudata
406 1450 589 1515 nobis
613 1445 864 1514 fuissent
881 1496 899 1526 ‚
945 1465 1085 1531 quae
1108 1444 1260 1511 fecit
1287 1445 1516 1513 DEUS
1537 1499 1553 1526 ,
1583 1450 1862 1536 facitque

137 1539 319 1607 valde
363 1539 531 1602 bona
563 1588 580 1618 ‚
631 1557 711 1600 ne
756 1531 963 1619 ipsum
1008 1533 1271 1617 quidem
1319 1534 1585 1601 DEUM
1620 1533 1862 1604 summe

137 1632 388 1695 bonum
418 1622 809 1689 novissemus,
905 1621 1145 1688 Dulces
1182 1624 1374 1707 igitur
1409 1622 1653 1689 fructus
1681 1624 1860 1690 Anni

139 1718 270 1783 Tui
317 1711 548 1798 Jubilei
573 1763 590 1795 ,
638 1713 816 1778 Anni
861 1710 1380 1796 PropitiationiS‚
1426 1712 1602 1778 Anni
1630 1708 1863 1777 Remis-

134 1805 362 1883 fionis,
402 1802 582 1865 Pater
620 1797 965 1865 dulcissime
988 1850 1006 1881 ,
1054 1798 1478 1868 amantissimis
1521 1800 1650 1866 Tui
1688 1801 1863 1868 Filiis

144 1895 268 1959 tuis
299 1891 588 1956 omnium
621 1890 839 1974 primis
872 1887 1162 1972 indulge:
1202 1909 1414 1974 neque
1444 1940 1462 1971 ,
1512 1889 1692 1975 quod
1719 1888 1864 1958 alias

145 1999 276 2047 tam
312 1976 547 2043 summa
583 1976 894 2042 Modestia
930 1976 1070 2041 Tua
1106 1976 1456 2044 identidem
1493 1974 1668 2043 solita
1702 1976 1863 2061 fuit,

140 2066 533 2154 quibuslibet
561 2065 849 2132 laudibus
877 2065 1033 2131 Tuis
1071 2062 1340 2132 irascere.
1436 2068 1676 2132 Virtuti
1705 2066 1863 2132 Tuae

144 2159 191 2224 fi
216 2176 431 2243 parem
467 2155 823 2221 facundiam
861 2154 1051 2219 velles
1074 2205 1092 2235 ,
1142 2153 1270 2222 dies
1300 2155 1689 2222 Orationem·
1708 2154 1863 2219 defi-

140 2261 329 2310 ceret.
426 2244 545 2308 Sed
580 2246 644 2308 in
674 2244 829 2308 Tuae
851 2242 1245 2309 Humilitatis
1275 2241 1654 2329 obsequium
1682 2242 1862 2308 silere

145 2333 329 2422 plura
356 2329 776 2411 studebianS‚
806 2332 1000 2416 quam
1024 2328 1260 2415 eloqui.
1344 2331 1555 2399 Exiles
1584 2333 1862 2417 Geogra-

148 2422 432 2507 phorum
474 2418 697 2484 tabulae
741 2437 929 2501 regna
976 2421 1245 2483 maxima
1299 2421 1860 2504 complectuntur:

145 2531 264 2576 nos
288 2559 305 2588 ,
353 2524 428 2572 ut
467 2506 641 2591 longi
678 2527 757 2571 ne
788 2506 978 2571 fimus
1004 2558 1022 2586 ,
1058 2507 1335 2591 Tibique
1372 2525 1711 2593 eapropter
1745 2509 1861 2571 mi-

143 2599 265 2663 nus
311 2597 551 2679 accepti
575 2645 594 2676 ,
643 2596 918 2660 minimis
957 2593 1280 2662 Orbiculis
1330 2595 1705 2679 Symbolicis
1748 2595 1861 2678 Ju-

145 2685 322 2750 bileae
360 2683 594 2750 Gloriae
630 2683 784 2747 Tuae
811 2681 1063 2747 iliadem
1098 2681 1275 2747 velut
1306 2684 1372 2747 in
1409 2704 1572 2750 nuce
1602 2682 1862 2748 conclu-

148 2774 373 2838 dimus,
469 2773 551 2836 Et
591 2769 1135 2856 quemadmodum
1171 2769 1365 2836 Orbis
1387 2823 1407 2853 ,
1456 2774 1582 2857 qua
1611 2771 1731 2837 late
1753 2791 1860 2857 pa-

144 2879 235 2925 tet
260 2913 278 2943 ‚
326 2854 645 2925 universus
681 2860 961 2944 partibus
992 2876 1268 2945 quatuor
1297 2859 1675 2926 includitur:
1706 2880 1860 2945 qua-

144 2949 284 3012 liter
308 2951 536 3014 Annus
569 2946 840 3013 totidem
862 2950 1150 3032 Angariis
1176 2946 1408 3013 effluit:
1431 2950 1528 3014 uti
1561 2948 1860 3035 Spherica

145 3039 351 3106 omnis
386 3038 654 3106 Virtutis
697 3035 899 3105 moles
937 3037 1294 3107 cardinibus
1334 3054 1611 3125 quatuor
1658 3036 1858 3106 volvi-

1747 3140 1854 3192 tur
