2122 3507
209 194 329 237 stitiae
353 202 529 248 reperta.
582 191 722 228 Video
748 187 978 240 Sponsum,
998 184 1065 225 cui
1091 185 1183 224 Rex
1201 184 1268 225 ille
1286 185 1533 225 Seculorum
1558 184 1836 234 immortalis,
1866 184 1908 226 ὅτ

202 253 382 302 Gloriae,
413 264 500 291 non
512 246 637 288 hodie
649 246 859 299 primum,
880 244 946 283 sed
961 241 1126 295 Jubileo
1145 240 1225 294 jam
1240 246 1463 284 Annorum
1485 244 1696 284 curriculo
1707 243 1805 284 fecit
1819 243 1908 283 Nu.

200 311 309 366 ptias
332 309 451 364 Agni.
511 305 649 345 Video
674 304 884 357 Sponsum
911 301 1204 354 praeferentem
1226 331 1238 350 ,
1266 315 1312 342 ac
1339 302 1597 342 deferentem
1617 311 1714 342 ante
1733 315 1810 342 nos
1829 314 1909 341 no-

202 368 416 410 viffimum
438 367 593 405 sertum
615 359 920 402 Exultationis:
952 359 991 400 δῖ
1016 360 1287 411 contemplor
1303 359 1348 399 in
1372 361 1431 399 Te
1451 360 1719 399 Salomonem
1744 359 1788 399 in
1808 359 1909 399 Dia-

205 430 390 473 demate,
412 436 499 476 quo
515 419 741 461 coronavit
758 421 817 458 Te
837 419 973 458 Mater
991 419 1081 457 Tua
1103 416 1325 457 Sacerrima
1344 417 1503 469 Religio
1522 416 1685 466 nostra,
1700 418 1912 471 quinqua-

206 484 320 538 ginta
336 482 486 522 abhinc
506 478 636 519 Annis
653 476 790 530 Regali
809 478 868 516 Te
883 473 1125 516 Sacerdotio
1141 476 1265 528 supra
1281 476 1411 529 Reges
1429 473 1694 528 &Principes
1714 477 1912 515 exaltans.

203 543 380 583 Novum
405 538 497 578 sane
521 535 565 575 in
587 538 669 576 hoc
707 535 956 575 Diademate
975 564 986 582 ‚
1015 534 1134 586 aeque
1155 532 1200 573 in
1227 547 1280 573 eo
1302 535 1546 574 adhucdum
1579 532 1717 573 virere
1735 532 1881 571 omnia
1896 561 1911 579 ‚

203 600 267 641 uti
290 599 333 637 in
354 593 547 636 Primitio
570 596 628 634 Te
647 595 869 634 Sacerdote
883 592 1129 632 floruerant.
1187 591 1372 633 Marcuit
1390 591 1524 641 nihil,
1549 589 1589 632 &
1604 588 1709 632 nihil
1727 588 1910 630 omnino

204 656 391 697 effoetum
409 653 478 694 est.
536 652 633 694 Esto
657 649 884 705 Cypreffus
909 648 1058 692 existas
1074 679 1087 699 ,
1115 648 1160 689 in
1184 663 1273 690 eam
1288 649 1460 705 Jubileae
1474 647 1621 690 AEtatis
1641 647 1913 690 altitudinem

201 717 259 755 Te
283 714 455 760 tollens,
472 723 601 765 quam
618 710 795 764 quidem
816 705 989 750 demiffo
1005 706 1165 748 vertice
1181 715 1441 748 venerantur
1459 705 1584 748 multi
1605 735 1617 756 ,
1650 706 1689 748 ὅτ
1711 705 1914 760 obstupe-

200 774 320 814 scunt
337 801 350 821 ‚
379 769 596 823 attingunt
622 765 881 822 paucissimi:
911 764 1038 807 Oliva
1061 773 1203 806 tamen
1234 778 1277 806 es
1302 767 1424 806 fimul
1456 764 1669 806 fructifera
1694 764 1739 805 in
1762 766 1913 805 Domo

202 831 322 879 DEl,
344 837 558 882 perpetuo
582 826 725 868 virore
743 826 917 879 Ryphea
936 836 1113 878 quoque
1137 823 1182 864 in
1199 824 1357 878 hyeme
1373 824 1590 864 frondens.
1649 822 1792 863 Flores
1815 834 1916 863 cum

201 886 325 943 Justis
344 917 356 936 ‚
387 896 437 927 ut
455 887 612 935 Palma,
641 883 824 937 iuntque
837 895 985 923 omnes
1008 881 1113 922 rami
1129 881 1194 922 tui
1211 910 1223 932 ,
1253 883 1380 935 longe
1395 879 1564 935 late'que
1583 881 1742 922 extensi
1760 910 1772 930 ,
1800 878 1915 933 pleni

204 945 410 988 fructibus
435 942 651 992 Honoris,
678 942 718 983 δε
740 938 997 982 Honestatis.
1064 941 1186 980 Unde
1205 941 1288 980 hoc
1306 938 1427 979 Tibi?
1455 940 1560 979 Sane
1579 939 1679 993 quia
1699 940 1915 985 Arbores,

205 1006 392 1059 plantata
420 1004 534 1043 secus
560 1001 755 1042 decursus
782 1002 1003 1053 Aquarum
1028 997 1305 1052 quotidianos
1322 1028 1334 1048 ,
1368 994 1443 1052 qui
1463 997 1697 1038 scaturiunt
1721 996 1845 1046 Tibi,
1875 995 1916 1037 ὅτ

204 1062 386 1103 affluunt
404 1059 448 1100 in
474 1059 612 1100 Altari.
668 1058 770 1098 Ideo
791 1059 861 1097 das
885 1057 1066 1098 frustum
1086 1065 1212 1097 tuum
1231 1055 1351 1096 omni
1370 1065 1566 1110 tempore
1584 1063 1687 1099 tuo:
1705 1053 1803 1096 ideo
1822 1056 1919 1094 nul-

203 1123 293 1162 lum
311 1119 424 1173 apud
442 1119 500 1158 Te
520 1117 673 1158 folium
698 1112 867 1157 defluit:
897 1113 995 1155 ideo
1017 1114 1184 1163 omnia,
1208 1125 1476 1168 quaecunque
1506 1112 1604 1154 facis
1622 1142 1635 1161 ,
1668 1115 1921 1166 prosperan-

206 1188 292 1221 tur.
348 1175 463 1227 Qid
482 1172 612 1229 igitur
629 1175 796 1214 Sertum
816 1172 1032 1213 hodiernae
1052 1169 1335 1213 Exultationis
1353 1168 1479 1212 Tuae?
1499 1171 1694 1212 Profecto
1717 1171 1920 1219 Corona,

205 1250 289 1290 qua
308 1231 582 1287 praemiantur
603 1231 803 1272 diuturna
819 1258 831 1278 ,
861 1241 955 1282 quae
975 1229 1175 1282 collegisti
1195 1259 1207 1278 ,
1231 1230 1384 1271 Merita
1401 1232 1491 1270 Tua
1509 1242 1520 1269 τ
1548 1230 1587 1271 &
1607 1226 1726 1283 cujus
1742 1225 1918 1269 novissi-

205 1307 280 1335 mo
306 1293 411 1332 flore
435 1287 585 1329 merita
610 1301 725 1329 nova
741 1315 755 1336 ,
785 1296 880 1338 quie
905 1287 1049 1326 denuo
1078 1287 1278 1340 colliges,
1300 1286 1490 1341 jucundo
1511 1285 1699 1343 tutoque
1724 1285 1919 1340 Augurio

201 1351 516 1406 praesignantur.

297 1436 439 1478 Video
458 1435 517 1475 Te
536 1431 694 1487 pariter
707 1440 909 1486 tanquam
932 1431 1222 1485 Spectaculum
1243 1444 1407 1471 novum
1427 1462 1439 1481 ‚
1461 1432 1617 1474 fastum
1638 1433 1768 1474 hodie
1782 1433 1920 1483 DEO,

205 1494 454 1549 Angelis‚&
475 1490 752 1532 Hominibus,
810 1491 930 1530 DEO
963 1488 1219 1541 praeprimis,
1243 1489 1318 1541 qui
1350 1493 1408 1528 Te
1438 1490 1536 1531 ideo
1567 1499 1691 1532 tanto
1723 1498 1921 1542 tempore

204 1557 341 1596 servat
358 1582 370 1603 ‚
403 1548 503 1605 quia
522 1545 737 1589 Sacrificiis
756 1546 840 1588 tuis
860 1546 994 1588 satiari
1012 1560 1100 1586 non
1124 1544 1275 1599 potest.
1332 1546 1464 1601 Qod
1484 1549 1509 1587 fi
1529 1550 1643 1589 secus
1661 1546 1782 1599 esset,
1812 1549 1921 1590 anne

207 1614 335 1654 ferret
352 1641 365 1661 ,
396 1609 562 1662 integro
579 1605 819 1647 semiseculo
834 1607 892 1646 Te
913 1603 1032 1659 fungi
1052 1603 1297 1644 Sacerdotio
1316 1634 1329 1654 ,
1359 1605 1396 1645 ἃ
1420 1605 1575 1645 habere
1594 1607 1763 1646 laudem
1779 1607 1824 1647 in
1842 1620 1924 1659 no-

208 1670 324 1712 mine
360 1667 519 1721 ipliuS,
550 1674 753 1718 tanquam
783 1665 1052 1704 Sacerdotem
1084 1659 1303 1712 Altiffimi,
1335 1662 1375 1703 ὅτ
1399 1671 1605 1717 tanquam
1639 1663 1924 1714 Pontificem,

207 1728 276 1770 cui
293 1730 454 1779 semper
476 1724 689 1776 indulget,
719 1721 871 1762 offerre
894 1721 953 1762 illi
970 1720 1186 1761 incensum
1209 1718 1386 1774 dignum
1404 1720 1447 1760 in
1468 1722 1650 1763 odorem
1666 1718 1884 1765 suavitatis
1904 1722 1923 1763 ἲ

207 1785 426 1828 Dominus
461 1781 625 1824 Zelotes
645 1793 805 1821 nomen
828 1777 928 1832 ejus.
993 1778 1066 1818 Uti
1094 1777 1268 1818 Oblatio
1291 1777 1383 1831 justi
1405 1778 1647 1834 impinguat
1664 1781 1804 1821 Altare
1820 1812 1833 1832 ,
1863 1780 1924 1822 ita.

208 1844 366 1898 pariter
380 1841 482 1883 teste
500 1838 652 1893 Pagina
670 1840 788 1879 Sacra
811 1868 824 1888 ‚
858 1838 987 1878 Dona
1007 1834 1245 1890 impiorum
1259 1848 1348 1876 non
1365 1839 1522 1890 probat
1539 1835 1782 1878 Altiffimus.
1831 1839 1925 1878 Ob..

204 1902 384 1945 lationes
401 1900 510 1940 Tuas
529 1895 632 1952 justi
658 1894 735 1936 effe
754 1925 766 1944 ,
795 1898 951 1948 probat
967 1895 1057 1934 Cor
1072 1904 1196 1935 tuum
1212 1924 1224 1944 ‚
1256 1896 1374 1948 quod
1395 1896 1460 1936 vel
1478 1891 1604 1936 nobis
1629 1895 1833 1936 omnibus
1858 1904 1924 1938 te-

210 1960 340 2002 stibus
356 1986 367 2007 ,
398 1954 593 2012 quotidie
613 1953 741 1995 tradis
759 1955 808 1994 ad
827 1953 1088 2006 vigilandum
1108 1950 1294 1993 diluculo
1312 1954 1362 1993 ad
1388 1952 1632 1994 Dominum
1647 1983 1659 2003 ,
1690 1954 1829 2009 adque
1852 1955 1925 1996 de.

206 2017 466 2072 precandum
490 2012 712 2054 nobiscum
728 2011 771 2052 in
791 2011 1017 2065 conipec‘m
1035 2008 1243 2051 Altiffimi.
1301 2008 1422 2050 DEO
1441 2010 1584 2064 itaque
1601 2024 1766 2053 novum
1790 2012 1924 2054 hodie

206 2074 497 2130 Spectaculum
517 2085 558 2112 es
576 2102 588 2121 ,
620 2072 739 2125 quod
758 2070 856 2110 ideo
874 2069 960 2123 ipse
977 2068 1180 2110 instruxit
1196 2098 1209 2118 ,
1236 2075 1287 2109 ut
1304 2068 1544 2110 ostenderet
1562 2068 1606 2109 in
1624 2071 1683 2110 Te
1700 2069 1924 2123 Virtutem

206 2136 321 2176 suam
341 2162 353 2181 ,
383 2139 434 2172 ut
452 2137 617 2183 raperet
650 2141 799 2168 ornnes
822 2126 866 2167 in
896 2126 1223 2169 admirationem
1245 2155 1258 2178 ,
1288 2135 1338 2167 ut
1365 2125 1416 2168 ad
1443 2128 1482 2168 se
1502 2126 1547 2168 in
1569 2128 1628 2168 Te
1651 2128 1926 2183 magnifican-

206 2194 308 2235 dum
339 2189 558 2232 universos
574 2186 781 2228 incitaret.
1826 2183 1827 2188 ¹

219 2310 223 2316 d
302 2263 379 2303 Sed
399 2262 439 2303 ὅτ
463 2259 631 2314 Angelis
652 2259 944 2312 Speuaeulum
963 2257 1117 2299 evadis.
1173 2257 1232 2299 Hi
1257 2257 1443 2312 namque
1472 2256 1686 2314 Principes
1709 2258 1927 2315 conjunffi

206 2319 476 2376 psallentibus
497 2346 509 2365 ,
538 2319 636 2359 cum
664 2318 723 2357 Te
753 2324 875 2357 tanto
906 2325 1104 2367 tempore
1138 2316 1334 2370 quotidie
1352 2317 1498 2359 intuiti
1519 2319 1600 2359 lint
1624 2318 1814 2360 hilariter
1830 2332 1928 2361 can-

209 2387 372 2422 tantem
393 2375 435 2417 in
463 2375 644 2425 Choro,
675 2382 918 2415 reverenter
942 2375 1221 2414 celebrantem
1241 2374 1285 2414 in
1305 2375 1434 2416 Altari
1454 2404 1467 2426 -‚
1496 2376 1737 2431 Panemque
1755 2386 1840 2418 tam
1858 2379 1928 2419 su·-

211 2450 287 2478 um
306 2466 318 2486 ‚
350 2437 481 2489 quam
511 2434 703 2474 nostrum
724 2458 737 2482 ,
771 2430 977 2472 irremisse
995 2432 1287 2485 frangentem:
1319 2434 1517 2487 nunquid
1537 2434 1581 2474 in
1599 2437 1676 2476 hac
1697 2435 1781 2476 Die
1806 2437 1896 2477 Tua
1911 2466 1925 2487 ‚

212 2507 340 2548 quam
367 2492 466 2533 fecit
501 2490 744 2540 Dominus,
774 2490 818 2530 in
837 2493 921 2531 hoc
939 2489 1080 2544 Jubilo
1106 2490 1334 2531 Sacerdotii
1353 2491 1433 2531 Tui
1454 2520 1466 2541 ,
1499 2492 1822 2533 multitudinem
1843 2493 1927 2533 Mi-

204 2552 304 2596 litiae
322 2549 487 2594 caelestis
505 2548 699 2591 adstitilse
719 2547 927 2590 oblationi
947 2557 1031 2590 tuae
1052 2548 1206 2589 Sanctae
1226 2545 1264 2589 &
1286 2550 1453 2589 mundae
1471 2545 1604 2590 securi
1614 2551 1855 2599 credamus,
1871 2559 1924 2593 ut

210 2624 310 2652 eum
343 2622 463 2650 novo
488 2606 638 2649 delicio
658 2607 931 2662 intuerentur
956 2602 1130 2662 Jubileis
1154 2606 1198 2646 in
1221 2605 1418 2647 Manibus
1443 2604 1528 2648 tuis
1552 2634 1565 2657 ,
1608 2605 1655 2648 in
1673 2620 1803 2661 quem
1824 2621 1926 2662 pro.

206 2669 363 2721 spicere
382 2667 587 2708 aeternum
617 2664 883 2707 desiderant?
910 2664 1064 2706 Eadem
1083 2664 1161 2705 illis
1192 2664 1322 2706 beatis
1351 2664 1580 2718 Spiritibus
1601 2666 1795 2706 Charitas
1817 2695 1830 2715 ,
1858 2681 1926 2708 ea-

212 2730 310 2769 dem
343 2725 581 2778 Benignitas
618 2723 707 2775 est,
739 2723 1018 2778 quaeipliest
1055 2720 1288 2777 Maiestati,
1319 2722 1388 2764 cui
1410 2721 1612 2766 affistunt.
1672 2722 1805 2777 Cujus
1825 2725 1926 2767 cum

209 2784 340 2827 hodie
364 2783 562 2825 melliflua
581 2782 675 2824 Tibi
705 2783 967 2825 dulcedo'ex
981 2780 1072 2822 altis
1088 2811 1100 2831 ,
1130 2783 1248 2823 dono
1272 2788 1358 2823 tam
1379 2781 1595 2835 singulari,
1622 2782 1758 2824 veluti
1781 2783 1924 2825 Eleuo

211 2857 267 2884 ex
285 2842 469 2884 millibus
481 2871 494 2893 ,
525 2839 959 2895 superabundaverit:
986 2837 1163 2880 indubie
1181 2840 1328 2893 Angeli
1347 2840 1458 2893 pacis
1478 2839 1683 2881 velociter
1699 2840 1925 2883 cucurrere

211 2903 261 2943 ad
284 2903 408 2942 Aram
432 2910 550 2942 tuam
568 2929 581 2950 ‚
610 2900 659 2940 ad
687 2913 854 2940 novum
886 2900 1071 2940 fortunae
1101 2900 1201 2939 Tuae
1220 2907 1306 2939 tam
1327 2898 1456 2940 beatae
1481 2898 1773 2951 Spectaculum
1791 2930 1803 2951 ,
1833 2902 1923 2941 lau-

214 2961 358 3002 dantes
386 2959 431 3000 in
460 2961 519 2999 Te
549 2959 718 2999 servulo
747 2957 989 2998 Dominum
1007 2981 1020 3006 ,
1048 2955 1124 3008 ipfi
1144 2956 1323 3011 gloriam
1340 2955 1385 2997 in
1407 2959 1574 2998 excellis
1594 2988 1606 3008 ,
1637 2957 1732 2999 Tibi
1753 2957 1924 2999 homini

211 3019 315 3057 adeo
336 3019 458 3058 bonae
476 3015 713 3058 voluntatis
732 3046 744 3065 ‚
773 3016 813 3058 &
832 3014 1012 3057 indubio
1030 3015 1120 3056 filio
1140 3014 1273 3069 pacis,
1303 3015 1450 3057 Pacem
1472 3017 1635 3057 beatam
1653 3019 1924 3071 gratulantes.

210 3074 364 3128 Neque
394 3074 563 3117 diffiteri
592 3076 676 3116 hoc
704 3074 808 3116 velis
830 3104 842 3124 ,
872 3073 940 3115 vel
971 3075 994 3114 a
1025 3086 1093 3114 me
1111 3072 1193 3116 dici
1210 3074 1261 3116 de
1282 3075 1341 3115 Te
1358 3075 1584 3116 erubescas.
1639 3076 1680 3117 Si
1702 3077 1887 3127 namque
1907 3103 1920 3124 ,

210 3134 345 3172 verbo
361 3134 454 3173 DEI
469 3134 668 3186 sponsore
687 3164 700 3183 ,
729 3132 854 3175 etiam
870 3134 993 3186 super
1003 3141 1225 3184 peccatore
1243 3131 1539 3187 poenitentiam
1557 3144 1706 3189 agente
1716 3131 1919 3188 gaudium

206 3191 265 3232 est
279 3190 573 3245 AngelisDEI:
595 3190 828 3246 quaesuerit
840 3204 992 3233 eorum
1002 3191 1234 3242 exultatio,
1259 3192 1362 3233 dum
1372 3192 1431 3232 Te
1441 3191 1571 3234 hodie
1589 3222 1603 3244 ,
1634 3192 1712 3247 qui
1740 3188 1920 3244 portasti

1766 3247 1922 3289 Domi-
