<?xml version="1.0" encoding="UTF-8"?>
<!DOCTYPE html PUBLIC "-//W3C//DTD XHTML 1.0 Transitional//EN"
    "http://www.w3.org/TR/xhtml1/DTD/xhtml1-transitional.dtd">
<html xmlns="http://www.w3.org/1999/xhtml" xml:lang="en" lang="en">
 <head>
  <title>
</title>
<meta http-equiv="Content-Type" content="text/html;charset=utf-8" />
  <meta name='ocr-system' content='tesseract 3.04.00' />
  <meta name='ocr-capabilities' content='ocr_page ocr_carea ocr_par ocr_line ocrx_word'/>
</head>
<body>
  <div class='ocr_page' id='page_1' title='image "./quinquagenasymbo00hant_0053.png"; bbox 0 0 2122 3507; ppageno 0'>
   <div class='ocr_carea' id='block_1_1' title="bbox 779 112 1812 170">
    <p class='ocr_par' dir='ltr' id='par_1_1' title="bbox 779 112 1812 170">
     <span class='ocr_line' id='line_1_1' title="bbox 779 112 1812 170; baseline -0.002 -8"><span class='ocrx_word' id='word_1_1' title='bbox 779 113 924 163; x_wconf 59' lang='grc' dir='ltr'>ἕῦἓξᾷ(</span> <span class='ocrx_word' id='word_1_2' title='bbox 946 126 971 153; x_wconf 94' lang='lat'><em>0</em></span> <span class='ocrx_word' id='word_1_3' title='bbox 995 112 1138 164; x_wconf 47' lang='lat' dir='ltr'>&gt;diff</span> <span class='ocrx_word' id='word_1_4' title='bbox 1763 132 1812 170; x_wconf 73' lang='lat'>23</span> 
     </span>
    </p>
   </div>
   <div class='ocr_carea' id='block_1_2' title="bbox 105 195 1811 316">
    <p class='ocr_par' dir='ltr' id='par_1_2' title="bbox 105 195 1811 316">
     <span class='ocr_line' id='line_1_2' title="bbox 105 195 1811 255; baseline -0.001 -9"><span class='ocrx_word' id='word_1_5' title='bbox 105 202 303 246; x_wconf 86' lang='lat' dir='ltr'>SECTIO</span> <span class='ocrx_word' id='word_1_6' title='bbox 331 202 385 241; x_wconf 91' lang='lat' dir='ltr'>V.</span> <span class='ocrx_word' id='word_1_7' title='bbox 412 198 447 255; x_wconf 83' lang='lat'>§.</span> <span class='ocrx_word' id='word_1_8' title='bbox 465 199 622 242; x_wconf 80' lang='lat' dir='ltr'><em>Unicus.</em></span> <span class='ocrx_word' id='word_1_9' title='bbox 668 198 1016 243; x_wconf 76' lang='lat' dir='ltr'>communitates</span> <span class='ocrx_word' id='word_1_10' title='bbox 1046 197 1231 251; x_wconf 83' lang='lat' dir='ltr'>Civicae‚</span> <span class='ocrx_word' id='word_1_11' title='bbox 1264 195 1304 240; x_wconf 72' lang='grc' dir='ltr'>δε</span> <span class='ocrx_word' id='word_1_12' title='bbox 1333 197 1557 254; x_wconf 73' lang='lat' dir='ltr'>oppidanae</span> <span class='ocrx_word' id='word_1_13' title='bbox 1576 198 1726 245; x_wconf 83' lang='lat' dir='ltr'>ordine</span> <span class='ocrx_word' id='word_1_14' title='bbox 1741 204 1811 245; x_wconf 76' lang='lat' dir='ltr'>Al·-</span> 
     </span>
     <span class='ocr_line' id='line_1_3' title="bbox 217 258 691 316; baseline -0.008 -13"><span class='ocrx_word' id='word_1_15' title='bbox 217 258 446 316; x_wconf 88' lang='lat' dir='ltr'>phabetico</span> <span class='ocrx_word' id='word_1_16' title='bbox 462 261 691 302; x_wconf 83' lang='lat' dir='ltr'>Locorum.</span> 
     </span>
    </p>
   </div>
   <div class='ocr_carea' id='block_1_3' title="bbox 627 405 1288 511">
    <p class='ocr_par' dir='ltr' id='par_1_3' title="bbox 627 405 1288 511">
     <span class='ocr_line' id='line_1_4' title="bbox 627 405 1288 511; baseline 0.012 -9"><span class='ocrx_word' id='word_1_17' title='bbox 627 405 1097 511; x_wconf 77' lang='lat' dir='ltr'>PARS</span> <span class='ocrx_word' id='word_1_18' title='bbox 1186 409 1288 510; x_wconf 91' lang='lat' dir='ltr'>II.</span> 
     </span>
    </p>
   </div>
   <div class='ocr_carea' id='block_1_4' title="bbox 100 546 1804 727">
    <p class='ocr_par' dir='ltr' id='par_1_4' title="bbox 100 546 1804 727">
     <span class='ocr_line' id='line_1_5' title="bbox 100 546 1804 665; baseline 0 -23"><span class='ocrx_word' id='word_1_19' title='bbox 100 546 360 644; x_wconf 37' lang='lat' dir='ltr'>&#39;Familiae</span> <span class='ocrx_word' id='word_1_20' title='bbox 388 576 640 642; x_wconf 80' lang='lat' dir='ltr'>illustres</span> <span class='ocrx_word' id='word_1_21' title='bbox 671 625 687 651; x_wconf 89' lang='lat'><strong>,</strong></span> <span class='ocrx_word' id='word_1_22' title='bbox 735 572 988 639; x_wconf 79' lang='lat' dir='ltr'>Nobiles</span> <span class='ocrx_word' id='word_1_23' title='bbox 1013 627 1029 650; x_wconf 84' lang='lat'><strong>‚</strong></span> <span class='ocrx_word' id='word_1_24' title='bbox 1080 574 1395 659; x_wconf 80' lang='lat' dir='ltr'>Equestres</span> <span class='ocrx_word' id='word_1_25' title='bbox 1417 627 1434 653; x_wconf 92' lang='lat'>,</span> <span class='ocrx_word' id='word_1_26' title='bbox 1479 578 1762 665; x_wconf 81' lang='lat' dir='ltr'>Ingenuae</span> <span class='ocrx_word' id='word_1_27' title='bbox 1787 626 1804 656; x_wconf 86' lang='lat'><strong>,</strong></span> 
     </span>
     <span class='ocr_line' id='line_1_6' title="bbox 734 661 1176 727; baseline 0.002 -17"><span class='ocrx_word' id='word_1_28' title='bbox 734 663 976 712; x_wconf 82' lang='lat' dir='ltr'>memoria</span> <span class='ocrx_word' id='word_1_29' title='bbox 1005 661 1176 727; x_wconf 84' lang='lat' dir='ltr'>dignae.</span> 
     </span>
    </p>
   </div>
   <div class='ocr_carea' id='block_1_5' title="bbox 163 818 1802 932">
    <p class='ocr_par' dir='ltr' id='par_1_5' title="bbox 163 818 1802 932">
     <span class='ocr_line' id='line_1_7' title="bbox 163 818 1802 877; baseline -0.001 -13"><span class='ocrx_word' id='word_1_30' title='bbox 163 823 331 864; x_wconf 89' lang='lat' dir='ltr'>ECTIO</span> <span class='ocrx_word' id='word_1_31' title='bbox 360 822 390 862; x_wconf 85' lang='lat' dir='ltr'>I.</span> <span class='ocrx_word' id='word_1_32' title='bbox 419 819 597 862; x_wconf 83' lang='lat' dir='ltr'>Familiae</span> <span class='ocrx_word' id='word_1_33' title='bbox 616 852 627 867; x_wconf 79' lang='grc'>,</span> <span class='ocrx_word' id='word_1_34' title='bbox 661 834 841 875; x_wconf 85' lang='lat' dir='ltr'>quarum</span> <span class='ocrx_word' id='word_1_35' title='bbox 870 821 1126 872; x_wconf 87' lang='lat' dir='ltr'>cognomina</span> <span class='ocrx_word' id='word_1_36' title='bbox 1163 821 1368 862; x_wconf 86' lang='lat' dir='ltr'>inchoant</span> <span class='ocrx_word' id='word_1_37' title='bbox 1400 822 1451 861; x_wconf 90' lang='lat' dir='ltr'>ab</span> <span class='ocrx_word' id='word_1_38' title='bbox 1478 823 1524 863; x_wconf 83' lang='lat' dir='ltr'>A.</span> <span class='ocrx_word' id='word_1_39' title='bbox 1548 818 1802 877; x_wconf 76' lang='lat' dir='ltr'>triginta.&#39;§.</span> 
     </span>
     <span class='ocr_line' id='line_1_8' title="bbox 214 879 1549 932; baseline -0.001 -11"><span class='ocrx_word' id='word_1_40' title='bbox 214 880 469 922; x_wconf 72' lang='lat' dir='ltr'>Intercalaris.</span> <span class='ocrx_word' id='word_1_41' title='bbox 502 879 681 920; x_wconf 89' lang='lat' dir='ltr'>Domini</span> <span class='ocrx_word' id='word_1_42' title='bbox 723 881 774 919; x_wconf 90' lang='lat' dir='ltr'>de</span> <span class='ocrx_word' id='word_1_43' title='bbox 812 880 1048 931; x_wconf 84' lang='lat' dir='ltr'>Altenburg</span> <span class='ocrx_word' id='word_1_44' title='bbox 1079 879 1344 932; x_wconf 86' lang='lat' dir='ltr'>genealogice</span> <span class='ocrx_word' id='word_1_45' title='bbox 1372 879 1549 921; x_wconf 70' lang='lat' dir='ltr'>deduffi.</span> 
     </span>
    </p>
   </div>
   <div class='ocr_carea' id='block_1_6' title="bbox 97 956 1300 1090">
    <p class='ocr_par' dir='ltr' id='par_1_6' title="bbox 97 956 1300 1090">
     <span class='ocr_line' id='line_1_9' title="bbox 97 956 935 1003; baseline -0.008 0"><span class='ocrx_word' id='word_1_46' title='bbox 97 963 297 1003; x_wconf 85' lang='lat' dir='ltr'>SECTIO</span> <span class='ocrx_word' id='word_1_47' title='bbox 325 963 374 1001; x_wconf 93' lang='lat' dir='ltr'>II.</span> <span class='ocrx_word' id='word_1_48' title='bbox 402 959 579 1000; x_wconf 66' lang='lat' dir='ltr'>Familiae</span> <span class='ocrx_word' id='word_1_49' title='bbox 599 958 642 998; x_wconf 90' lang='lat' dir='ltr'>in</span> <span class='ocrx_word' id='word_1_50' title='bbox 664 959 704 997; x_wconf 88' lang='lat' dir='ltr'>B.</span> <span class='ocrx_word' id='word_1_51' title='bbox 722 956 935 997; x_wconf 83' lang='lat' dir='ltr'>tredecim.</span> 
     </span>
     <span class='ocr_line' id='line_1_10' title="bbox 97 1035 1300 1090; baseline -0.002 -9"><span class='ocrx_word' id='word_1_52' title='bbox 97 1040 295 1082; x_wconf 88' lang='lat' dir='ltr'>SECTIO</span> <span class='ocrx_word' id='word_1_53' title='bbox 324 1039 394 1078; x_wconf 89' lang='lat' dir='ltr'>III.</span> <span class='ocrx_word' id='word_1_54' title='bbox 422 1036 601 1078; x_wconf 78' lang='lat' dir='ltr'>Familiae</span> <span class='ocrx_word' id='word_1_55' title='bbox 630 1036 674 1076; x_wconf 89' lang='lat' dir='ltr'>in</span> <span class='ocrx_word' id='word_1_56' title='bbox 693 1037 742 1076; x_wconf 85' lang='lat' dir='ltr'>G.</span> <span class='ocrx_word' id='word_1_57' title='bbox 763 1038 922 1089; x_wconf 85' lang='lat' dir='ltr'>septem</span> <span class='ocrx_word' id='word_1_58' title='bbox 949 1035 989 1077; x_wconf 71' lang='grc' dir='ltr'>ὅτ</span> <span class='ocrx_word' id='word_1_59' title='bbox 1010 1035 1300 1090; x_wconf 83' lang='lat' dir='ltr'>quadraginta.</span> 
     </span>
    </p>
   </div>
   <div class='ocr_carea' id='block_1_7' title="bbox 91 1115 1179 1410">
    <p class='ocr_par' dir='ltr' id='par_1_7' title="bbox 95 1115 940 1169">
     <span class='ocr_line' id='line_1_11' title="bbox 95 1115 940 1169; baseline -0.007 -8"><span class='ocrx_word' id='word_1_60' title='bbox 95 1119 293 1161; x_wconf 89' lang='lat' dir='ltr'>SECTIO</span> <span class='ocrx_word' id='word_1_61' title='bbox 325 1120 398 1159; x_wconf 90' lang='lat' dir='ltr'>IV.</span> <span class='ocrx_word' id='word_1_62' title='bbox 429 1116 608 1159; x_wconf 68' lang='lat' dir='ltr'>Familiae</span> <span class='ocrx_word' id='word_1_63' title='bbox 625 1116 670 1158; x_wconf 91' lang='lat' dir='ltr'>in</span> <span class='ocrx_word' id='word_1_64' title='bbox 689 1118 743 1157; x_wconf 91' lang='lat' dir='ltr'>D.</span> <span class='ocrx_word' id='word_1_65' title='bbox 772 1115 940 1169; x_wconf 85' lang='lat' dir='ltr'>viginti.</span> 
     </span>
    </p>

    <p class='ocr_par' dir='ltr' id='par_1_8' title="bbox 91 1196 1179 1410">
     <span class='ocr_line' id='line_1_12' title="bbox 94 1196 1079 1251; baseline -0.005 -9"><span class='ocrx_word' id='word_1_66' title='bbox 94 1199 292 1242; x_wconf 88' lang='lat' dir='ltr'>SECTIO</span> <span class='ocrx_word' id='word_1_67' title='bbox 322 1199 376 1239; x_wconf 85' lang='lat' dir='ltr'>V.</span> <span class='ocrx_word' id='word_1_68' title='bbox 403 1198 584 1239; x_wconf 76' lang='lat' dir='ltr'>Familiae</span> <span class='ocrx_word' id='word_1_69' title='bbox 602 1197 646 1238; x_wconf 87' lang='lat' dir='ltr'>in</span> <span class='ocrx_word' id='word_1_70' title='bbox 665 1200 709 1238; x_wconf 91' lang='lat' dir='ltr'>E.</span> <span class='ocrx_word' id='word_1_71' title='bbox 726 1207 809 1240; x_wconf 75' lang='lat' dir='ltr'>tres</span> <span class='ocrx_word' id='word_1_72' title='bbox 831 1198 870 1240; x_wconf 71' lang='grc' dir='ltr'>δε</span> <span class='ocrx_word' id='word_1_73' title='bbox 895 1196 1079 1251; x_wconf 79' lang='lat' dir='ltr'>triginta.</span> 
     </span>
     <span class='ocr_line' id='line_1_13' title="bbox 92 1275 1179 1330; baseline -0.006 -9"><span class='ocrx_word' id='word_1_74' title='bbox 92 1280 292 1321; x_wconf 86' lang='lat' dir='ltr'>SECTIO</span> <span class='ocrx_word' id='word_1_75' title='bbox 320 1280 394 1319; x_wconf 92' lang='lat' dir='ltr'>VI.</span> <span class='ocrx_word' id='word_1_76' title='bbox 420 1278 600 1320; x_wconf 80' lang='lat' dir='ltr'>Familiae</span> <span class='ocrx_word' id='word_1_77' title='bbox 616 1279 661 1320; x_wconf 89' lang='lat' dir='ltr'>in</span> <span class='ocrx_word' id='word_1_78' title='bbox 688 1281 730 1318; x_wconf 89' lang='lat' dir='ltr'>F.</span> <span class='ocrx_word' id='word_1_79' title='bbox 760 1281 921 1330; x_wconf 83' lang='lat' dir='ltr'>septem</span> <span class='ocrx_word' id='word_1_80' title='bbox 946 1277 984 1317; x_wconf 89' lang='lat'>&amp;</span> <span class='ocrx_word' id='word_1_81' title='bbox 1010 1275 1179 1328; x_wconf 87' lang='lat' dir='ltr'>viginti.</span> 
     </span>
     <span class='ocr_line' id='line_1_14' title="bbox 91 1355 1111 1410; baseline -0.006 -10"><span class='ocrx_word' id='word_1_82' title='bbox 91 1359 290 1402; x_wconf 88' lang='lat' dir='ltr'>SECTIO</span> <span class='ocrx_word' id='word_1_83' title='bbox 319 1359 412 1399; x_wconf 90' lang='lat' dir='ltr'>VII.</span> <span class='ocrx_word' id='word_1_84' title='bbox 440 1359 620 1399; x_wconf 72' lang='lat' dir='ltr'>Familiae</span> <span class='ocrx_word' id='word_1_85' title='bbox 640 1357 685 1398; x_wconf 86' lang='lat' dir='ltr'>in</span> <span class='ocrx_word' id='word_1_86' title='bbox 702 1358 755 1397; x_wconf 91' lang='lat' dir='ltr'>G.</span> <span class='ocrx_word' id='word_1_87' title='bbox 773 1355 984 1410; x_wconf 78' lang='lat' dir='ltr'>sexaginta</span> <span class='ocrx_word' id='word_1_88' title='bbox 1007 1356 1111 1395; x_wconf 82' lang='lat' dir='ltr'>duae.</span> 
     </span>
    </p>
   </div>
   <div class='ocr_carea' id='block_1_8' title="bbox 91 1431 1802 1548">
    <p class='ocr_par' dir='ltr' id='par_1_9' title="bbox 91 1431 1802 1548">
     <span class='ocr_line' id='line_1_15' title="bbox 91 1431 1802 1489; baseline 0.002 -9"><span class='ocrx_word' id='word_1_89' title='bbox 91 1440 291 1480; x_wconf 88' lang='lat' dir='ltr'>SECTIO</span> <span class='ocrx_word' id='word_1_90' title='bbox 321 1440 433 1478; x_wconf 91' lang='lat' dir='ltr'><strong>VIII.</strong></span> <span class='ocrx_word' id='word_1_91' title='bbox 464 1437 645 1479; x_wconf 78' lang='lat' dir='ltr'>Familiae</span> <span class='ocrx_word' id='word_1_92' title='bbox 660 1438 704 1478; x_wconf 89' lang='lat' dir='ltr'>in</span> <span class='ocrx_word' id='word_1_93' title='bbox 727 1439 783 1478; x_wconf 90' lang='lat' dir='ltr'>H.</span> <span class='ocrx_word' id='word_1_94' title='bbox 805 1435 1067 1489; x_wconf 83' lang='lat' dir='ltr'>septuaginta</span> <span class='ocrx_word' id='word_1_95' title='bbox 1086 1434 1125 1474; x_wconf 86' lang='lat'>&amp;</span> <span class='ocrx_word' id='word_1_96' title='bbox 1144 1446 1241 1473; x_wconf 81' lang='lat' dir='ltr'>una.</span> <span class='ocrx_word' id='word_1_97' title='bbox 1270 1431 1311 1487; x_wconf 87' lang='lat'>§.</span> <span class='ocrx_word' id='word_1_98' title='bbox 1332 1435 1591 1480; x_wconf 76' lang='lat' dir='ltr'>Intercalaris.</span> <span class='ocrx_word' id='word_1_99' title='bbox 1618 1439 1802 1484; x_wconf 78' lang='lat' dir='ltr'>Domini</span> 
     </span>
     <span class='ocr_line' id='line_1_16' title="bbox 208 1490 1026 1548; baseline -0.009 -11"><span class='ocrx_word' id='word_1_100' title='bbox 208 1497 259 1537; x_wconf 89' lang='lat' dir='ltr'>de</span> <span class='ocrx_word' id='word_1_101' title='bbox 277 1497 540 1548; x_wconf 87' lang='lat' dir='ltr'>Hohenberg</span> <span class='ocrx_word' id='word_1_102' title='bbox 561 1494 827 1548; x_wconf 71' lang='lat' dir='ltr'>genealogice</span> <span class='ocrx_word' id='word_1_103' title='bbox 846 1490 1026 1533; x_wconf 71' lang='lat' dir='ltr'>deduffi.</span> 
     </span>
    </p>
   </div>
   <div class='ocr_carea' id='block_1_9' title="bbox 92 1572 1802 1686">
    <p class='ocr_par' dir='ltr' id='par_1_10' title="bbox 92 1572 1802 1686">
     <span class='ocr_line' id='line_1_17' title="bbox 92 1572 1802 1630; baseline 0.001 -11"><span class='ocrx_word' id='word_1_104' title='bbox 92 1578 290 1619; x_wconf 90' lang='lat' dir='ltr'>SECTIO</span> <span class='ocrx_word' id='word_1_105' title='bbox 336 1576 411 1615; x_wconf 88' lang='lat' dir='ltr'>IX.</span> <span class='ocrx_word' id='word_1_106' title='bbox 457 1573 636 1616; x_wconf 79' lang='lat' dir='ltr'>Familiae</span> <span class='ocrx_word' id='word_1_107' title='bbox 681 1574 726 1615; x_wconf 87' lang='lat' dir='ltr'>in</span> <span class='ocrx_word' id='word_1_108' title='bbox 762 1575 791 1614; x_wconf 91' lang='grc' dir='ltr'>Ι.</span> <span class='ocrx_word' id='word_1_109' title='bbox 837 1572 1094 1614; x_wconf 84' lang='lat' dir='ltr'>duodecim:</span> <span class='ocrx_word' id='word_1_110' title='bbox 1128 1572 1151 1612; x_wconf 85' lang='lat' dir='ltr'>e</span> <span class='ocrx_word' id='word_1_111' title='bbox 1197 1572 1355 1625; x_wconf 84' lang='lat' dir='ltr'>quibus</span> <span class='ocrx_word' id='word_1_112' title='bbox 1408 1575 1665 1630; x_wconf 86' lang='lat' dir='ltr'>Genealogia</span> <span class='ocrx_word' id='word_1_113' title='bbox 1700 1579 1802 1621; x_wconf 86' lang='lat' dir='ltr'>DD.</span> 
     </span>
     <span class='ocr_line' id='line_1_18' title="bbox 189 1629 1801 1686; baseline -0.002 -12"><span class='ocrx_word' id='word_1_114' title='bbox 189 1632 444 1674; x_wconf 72' lang='lat' dir='ltr'>2C0mitum</span> <span class='ocrx_word' id='word_1_115' title='bbox 506 1634 558 1674; x_wconf 82' lang='lat' dir='ltr'>ab</span> <span class='ocrx_word' id='word_1_116' title='bbox 618 1632 767 1686; x_wconf 73' lang='lat' dir='ltr'>Jorger</span> <span class='ocrx_word' id='word_1_117' title='bbox 823 1644 878 1672; x_wconf 79' lang='lat' dir='ltr'>ex</span> <span class='ocrx_word' id='word_1_118' title='bbox 925 1629 1131 1672; x_wconf 84' lang='lat' dir='ltr'>Archivio</span> <span class='ocrx_word' id='word_1_119' title='bbox 1194 1631 1443 1674; x_wconf 81' lang='lat' dir='ltr'>Domestico</span> <span class='ocrx_word' id='word_1_120' title='bbox 1510 1635 1801 1678; x_wconf 82' lang='lat' dir='ltr'>communica.</span> 
     </span>
    </p>
   </div>
   <div class='ocr_carea' id='block_1_10' title="bbox 88 1700 1138 1830">
    <p class='ocr_par' dir='ltr' id='par_1_11' title="bbox 88 1700 1138 1830">
     <span class='ocr_line' id='line_1_19' title="bbox 217 1700 302 1733; baseline -0.012 0"><span class='ocrx_word' id='word_1_121' title='bbox 217 1700 302 1733; x_wconf 86' lang='lat' dir='ltr'>tur.</span> 
     </span>
     <span class='ocr_line' id='line_1_20' title="bbox 88 1773 1138 1830; baseline -0.004 -12"><span class='ocrx_word' id='word_1_122' title='bbox 88 1775 289 1820; x_wconf 77' lang='lat' dir='ltr'>SECTIO</span> <span class='ocrx_word' id='word_1_123' title='bbox 317 1775 374 1817; x_wconf 91' lang='lat' dir='ltr'>X.</span> <span class='ocrx_word' id='word_1_124' title='bbox 405 1773 585 1820; x_wconf 79' lang='lat' dir='ltr'>Familiae</span> <span class='ocrx_word' id='word_1_125' title='bbox 608 1773 654 1816; x_wconf 86' lang='lat' dir='ltr'>in</span> <span class='ocrx_word' id='word_1_126' title='bbox 673 1775 726 1820; x_wconf 92' lang='lat' dir='ltr'>K.</span> <span class='ocrx_word' id='word_1_127' title='bbox 756 1773 1138 1830; x_wconf 83' lang='lat' dir='ltr'>vigintiquinque.</span> 
     </span>
    </p>
   </div>
   <div class='ocr_carea' id='block_1_11' title="bbox 87 1820 1800 1968">
    <p class='ocr_par' dir='ltr' id='par_1_12' title="bbox 87 1820 1800 1968">
     <span class='ocr_line' id='line_1_21' title="bbox 87 1820 1800 1912; baseline 0 -13"><span class='ocrx_word' id='word_1_128' title='bbox 87 1856 289 1899; x_wconf 87' lang='lat' dir='ltr'>SECTIO</span> <span class='ocrx_word' id='word_1_129' title='bbox 318 1856 395 1897; x_wconf 91' lang='lat' dir='ltr'>XI.</span> <span class='ocrx_word' id='word_1_130' title='bbox 425 1854 605 1896; x_wconf 86' lang='lat' dir='ltr'>Familiae</span> <span class='ocrx_word' id='word_1_131' title='bbox 623 1854 669 1896; x_wconf 88' lang='lat' dir='ltr'>in</span> <span class='ocrx_word' id='word_1_132' title='bbox 688 1855 733 1897; x_wconf 91' lang='lat' dir='ltr'>L.</span> <span class='ocrx_word' id='word_1_133' title='bbox 744 1854 1031 1912; x_wconf 83' lang='lat' dir='ltr'>quadraginta.</span> <span class='ocrx_word' id='word_1_134' title='bbox 1048 1852 1083 1908; x_wconf 64' lang='grc' dir='ltr'>ξ.</span> <span class='ocrx_word' id='word_1_135' title='bbox 1103 1851 1366 1902; x_wconf 78' lang='lat' dir='ltr'>lntercalaris.</span> <span class='ocrx_word' id='word_1_136' title='bbox 1383 1855 1565 1899; x_wconf 87' lang='lat' dir='ltr'>Domini</span> <span class='ocrx_word' id='word_1_137' title='bbox 1580 1857 1630 1899; x_wconf 86' lang='lat' dir='ltr'>de</span> <span class='ocrx_word' id='word_1_138' title='bbox 1647 1820 1800 1900; x_wconf 84' lang='lat' dir='ltr'>Lilien-</span> 
     </span>
     <span class='ocr_line' id='line_1_22' title="bbox 205 1912 772 1968; baseline 0 -13"><span class='ocrx_word' id='word_1_139' title='bbox 205 1915 286 1955; x_wconf 80' lang='lat' dir='ltr'>feld</span> <span class='ocrx_word' id='word_1_140' title='bbox 309 1912 575 1968; x_wconf 81' lang='lat' dir='ltr'>genealogice</span> <span class='ocrx_word' id='word_1_141' title='bbox 594 1914 772 1955; x_wconf 71' lang='lat' dir='ltr'>deduffl.</span> 
     </span>
    </p>
   </div>
   <div class='ocr_carea' id='block_1_12' title="bbox 91 1994 1295 2051">
    <p class='ocr_par' dir='ltr' id='par_1_13' title="bbox 91 1994 1295 2051">
     <span class='ocr_line' id='line_1_23' title="bbox 91 1994 1295 2051; baseline -0.002 -12"><span class='ocrx_word' id='word_1_142' title='bbox 91 1997 290 2039; x_wconf 89' lang='lat' dir='ltr'>SECTIO</span> <span class='ocrx_word' id='word_1_143' title='bbox 322 1996 418 2037; x_wconf 81' lang='lat' dir='ltr'>XII.</span> <span class='ocrx_word' id='word_1_144' title='bbox 449 1996 630 2037; x_wconf 73' lang='lat' dir='ltr'>Familiae</span> <span class='ocrx_word' id='word_1_145' title='bbox 652 1996 697 2038; x_wconf 91' lang='lat' dir='ltr'>in</span> <span class='ocrx_word' id='word_1_146' title='bbox 719 1998 778 2038; x_wconf 89' lang='lat' dir='ltr'>M.</span> <span class='ocrx_word' id='word_1_147' title='bbox 800 2005 886 2038; x_wconf 84' lang='lat' dir='ltr'>tres</span> <span class='ocrx_word' id='word_1_148' title='bbox 905 1996 944 2038; x_wconf 75' lang='grc' dir='ltr'>ὅτ</span> <span class='ocrx_word' id='word_1_149' title='bbox 973 1994 1295 2051; x_wconf 72' lang='lat' dir='ltr'>quinquaginta.</span> 
     </span>
    </p>
   </div>
   <div class='ocr_carea' id='block_1_13' title="bbox 89 2074 1086 2196">
    <p class='ocr_par' dir='ltr' id='par_1_14' title="bbox 89 2074 1086 2196">
     <span class='ocr_line' id='line_1_24' title="bbox 89 2074 1086 2130; baseline -0.003 -12"><span class='ocrx_word' id='word_1_150' title='bbox 89 2077 287 2118; x_wconf 87' lang='lat' dir='ltr'>SECTIO</span> <span class='ocrx_word' id='word_1_151' title='bbox 318 2074 433 2116; x_wconf 83' lang='lat' dir='ltr'>XIII.</span> <span class='ocrx_word' id='word_1_152' title='bbox 461 2074 641 2116; x_wconf 77' lang='lat' dir='ltr'>Familiae</span> <span class='ocrx_word' id='word_1_153' title='bbox 659 2075 705 2118; x_wconf 88' lang='lat' dir='ltr'>in</span> <span class='ocrx_word' id='word_1_154' title='bbox 719 2076 773 2118; x_wconf 93' lang='lat' dir='ltr'>N.</span> <span class='ocrx_word' id='word_1_155' title='bbox 789 2076 1086 2130; x_wconf 87' lang='lat' dir='ltr'>septendecim.</span> 
     </span>
     <span class='ocr_line' id='line_1_25' title="bbox 91 2152 1003 2196; baseline -0.007 0"><span class='ocrx_word' id='word_1_156' title='bbox 91 2153 290 2196; x_wconf 86' lang='lat' dir='ltr'>SECTIO</span> <span class='ocrx_word' id='word_1_157' title='bbox 322 2154 440 2196; x_wconf 84' lang='lat' dir='ltr'>XIV.</span> <span class='ocrx_word' id='word_1_158' title='bbox 478 2153 657 2194; x_wconf 83' lang='lat' dir='ltr'>Familiae</span> <span class='ocrx_word' id='word_1_159' title='bbox 676 2152 720 2193; x_wconf 89' lang='lat' dir='ltr'>in</span> <span class='ocrx_word' id='word_1_160' title='bbox 739 2153 794 2192; x_wconf 90' lang='lat' dir='ltr'>O.</span> <span class='ocrx_word' id='word_1_161' title='bbox 812 2152 1003 2193; x_wconf 85' lang='lat' dir='ltr'>sedecim.</span> 
     </span>
    </p>
   </div>
   <div class='ocr_carea' id='block_1_14' title="bbox 90 2225 1800 2386">
    <p class='ocr_par' dir='ltr' id='par_1_15' title="bbox 90 2225 1800 2386">
     <span class='ocr_line' id='line_1_26' title="bbox 90 2225 1800 2282; baseline 0.005 -11"><span class='ocrx_word' id='word_1_162' title='bbox 90 2231 289 2271; x_wconf 86' lang='lat' dir='ltr'>SECTIO</span> <span class='ocrx_word' id='word_1_163' title='bbox 317 2231 416 2270; x_wconf 90' lang='lat' dir='ltr'>XV.</span> <span class='ocrx_word' id='word_1_164' title='bbox 443 2228 622 2269; x_wconf 81' lang='lat' dir='ltr'>Familiae</span> <span class='ocrx_word' id='word_1_165' title='bbox 650 2228 695 2268; x_wconf 90' lang='lat' dir='ltr'>in</span> <span class='ocrx_word' id='word_1_166' title='bbox 724 2229 765 2267; x_wconf 92' lang='lat' dir='ltr'>P.</span> <span class='ocrx_word' id='word_1_167' title='bbox 790 2236 873 2268; x_wconf 84' lang='lat' dir='ltr'>tres</span> <span class='ocrx_word' id='word_1_168' title='bbox 908 2228 947 2269; x_wconf 57' lang='grc' dir='ltr'>ὃς</span> <span class='ocrx_word' id='word_1_169' title='bbox 973 2227 1217 2282; x_wconf 81' lang='lat' dir='ltr'>nonaginta.</span> <span class='ocrx_word' id='word_1_170' title='bbox 1262 2225 1298 2280; x_wconf 68' lang='grc' dir='ltr'>ξ.</span> <span class='ocrx_word' id='word_1_171' title='bbox 1334 2228 1589 2273; x_wconf 79' lang='lat' dir='ltr'>Intercalaris.</span> <span class='ocrx_word' id='word_1_172' title='bbox 1616 2234 1800 2280; x_wconf 85' lang='lat' dir='ltr'>Domini</span> 
     </span>
     <span class='ocr_line' id='line_1_27' title="bbox 205 2284 1799 2351; baseline 0.003 -24"><span class='ocrx_word' id='word_1_173' title='bbox 205 2288 262 2351; x_wconf 39' lang='lat' dir='ltr'>de·</span> <span class='ocrx_word' id='word_1_174' title='bbox 286 2286 524 2328; x_wconf 86' lang='lat' dir='ltr'>Pilichdorf</span> <span class='ocrx_word' id='word_1_175' title='bbox 542 2284 810 2341; x_wconf 74' lang='lat' dir='ltr'>genealogice</span> <span class='ocrx_word' id='word_1_176' title='bbox 842 2286 1023 2328; x_wconf 72' lang='lat' dir='ltr'>deduffl.</span> <span class='ocrx_word' id='word_1_177' title='bbox 1092 2288 1326 2327; x_wconf 84' lang='lat' dir='ltr'>Adduntur</span> <span class='ocrx_word' id='word_1_178' title='bbox 1352 2289 1530 2331; x_wconf 79' lang='lat' dir='ltr'>Familiae</span> <span class='ocrx_word' id='word_1_179' title='bbox 1566 2291 1611 2335; x_wconf 88' lang='lat' dir='ltr'>in</span> <span class='ocrx_word' id='word_1_180' title='bbox 1644 2295 1799 2350; x_wconf 71' lang='lat' dir='ltr'>Qge-</span> 
     </span>
     <span class='ocr_line' id='line_1_28' title="bbox 205 2358 341 2386; baseline 0.015 -2"><span class='ocrx_word' id='word_1_181' title='bbox 205 2358 341 2386; x_wconf 82' lang='lat' dir='ltr'>rmnae.</span> 
     </span>
    </p>
   </div>
   <div class='ocr_carea' id='block_1_15' title="bbox 90 2422 1798 2697">
    <p class='ocr_par' dir='ltr' id='par_1_16' title="bbox 90 2422 1798 2697">
     <span class='ocr_line' id='line_1_29' title="bbox 90 2422 1798 2479; baseline 0.006 -15"><span class='ocrx_word' id='word_1_182' title='bbox 90 2423 289 2466; x_wconf 89' lang='lat' dir='ltr'>SECTIO</span> <span class='ocrx_word' id='word_1_183' title='bbox 317 2423 435 2464; x_wconf 86' lang='lat' dir='ltr'>XVI.</span> <span class='ocrx_word' id='word_1_184' title='bbox 463 2422 642 2463; x_wconf 74' lang='lat' dir='ltr'>Familiae</span> <span class='ocrx_word' id='word_1_185' title='bbox 675 2422 721 2463; x_wconf 90' lang='lat' dir='ltr'>in</span> <span class='ocrx_word' id='word_1_186' title='bbox 762 2424 808 2463; x_wconf 86' lang='lat' dir='ltr'>R.</span> <span class='ocrx_word' id='word_1_187' title='bbox 845 2435 931 2463; x_wconf 87' lang='lat' dir='ltr'>una</span> <span class='ocrx_word' id='word_1_188' title='bbox 972 2422 1013 2464; x_wconf 72' lang='grc' dir='ltr'>δε</span> <span class='ocrx_word' id='word_1_189' title='bbox 1053 2422 1376 2477; x_wconf 83' lang='lat' dir='ltr'>quinquaginta.</span> <span class='ocrx_word' id='word_1_190' title='bbox 1416 2424 1450 2479; x_wconf 55' lang='grc' dir='ltr'>ᾗ.</span> <span class='ocrx_word' id='word_1_191' title='bbox 1488 2439 1521 2468; x_wconf 88' lang='lat'>1.</span> <span class='ocrx_word' id='word_1_192' title='bbox 1554 2428 1798 2475; x_wconf 81' lang='lat' dir='ltr'>Intercalaris</span> 
     </span>
     <span class='ocr_line' id='line_1_30' title="bbox 202 2479 1796 2535; baseline 0.004 -15"><span class='ocrx_word' id='word_1_193' title='bbox 202 2479 373 2521; x_wconf 88' lang='lat' dir='ltr'>Familia</span> <span class='ocrx_word' id='word_1_194' title='bbox 418 2481 468 2521; x_wconf 88' lang='lat' dir='ltr'>de</span> <span class='ocrx_word' id='word_1_195' title='bbox 518 2480 726 2522; x_wconf 82' lang='lat' dir='ltr'>Ramstein</span> <span class='ocrx_word' id='word_1_196' title='bbox 784 2480 1049 2535; x_wconf 74' lang='lat' dir='ltr'>genealogice</span> <span class='ocrx_word' id='word_1_197' title='bbox 1101 2482 1285 2522; x_wconf 58' lang='lat' dir='ltr'>deduffiia.</span> <span class='ocrx_word' id='word_1_198' title='bbox 1358 2497 1396 2524; x_wconf 90' lang='lat'>2.</span> <span class='ocrx_word' id='word_1_199' title='bbox 1444 2486 1543 2526; x_wconf 94' lang='lat' dir='ltr'>DD.</span> <span class='ocrx_word' id='word_1_200' title='bbox 1592 2490 1705 2531; x_wconf 83' lang='lat' dir='ltr'>Afini</span> <span class='ocrx_word' id='word_1_201' title='bbox 1750 2492 1796 2533; x_wconf 78' lang='lat' dir='ltr'>in</span> 
     </span>
     <span class='ocr_line' id='line_1_31' title="bbox 201 2538 1796 2599; baseline 0.006 -20"><span class='ocrx_word' id='word_1_202' title='bbox 201 2538 478 2587; x_wconf 84' lang='lat' dir='ltr'>Ottenstein‚</span> <span class='ocrx_word' id='word_1_203' title='bbox 518 2539 799 2593; x_wconf 85' lang='lat' dir='ltr'>Rastenberg‚</span> <span class='ocrx_word' id='word_1_204' title='bbox 832 2540 872 2581; x_wconf 87' lang='lat'>&amp;</span> <span class='ocrx_word' id='word_1_205' title='bbox 914 2539 1181 2581; x_wconf 85' lang='lat' dir='ltr'>Hohenstein</span> <span class='ocrx_word' id='word_1_206' title='bbox 1221 2542 1486 2596; x_wconf 86' lang='lat' dir='ltr'>genealogice</span> <span class='ocrx_word' id='word_1_207' title='bbox 1533 2548 1696 2588; x_wconf 87' lang='lat' dir='ltr'>tentati.</span> <span class='ocrx_word' id='word_1_208' title='bbox 1760 2563 1796 2599; x_wconf 82' lang='lat'>3.</span> 
     </span>
     <span class='ocr_line' id='line_1_32' title="bbox 203 2597 1795 2660; baseline 0.007 -23"><span class='ocrx_word' id='word_1_209' title='bbox 203 2599 357 2638; x_wconf 82' lang='lat' dir='ltr'>Ramus</span> <span class='ocrx_word' id='word_1_210' title='bbox 396 2597 976 2652; x_wconf 80' lang='lat' dir='ltr'>Ramsteinio-Ronbergicus</span> <span class='ocrx_word' id='word_1_211' title='bbox 1009 2598 1050 2639; x_wconf 85' lang='lat'>&amp;</span> <span class='ocrx_word' id='word_1_212' title='bbox 1085 2598 1396 2640; x_wconf 84' lang='lat' dir='ltr'>Rotensteinius</span> <span class='ocrx_word' id='word_1_213' title='bbox 1432 2605 1698 2660; x_wconf 87' lang='lat' dir='ltr'>genealogice</span> <span class='ocrx_word' id='word_1_214' title='bbox 1724 2609 1795 2648; x_wconf 88' lang='lat' dir='ltr'>de-</span> 
     </span>
     <span class='ocr_line' id='line_1_33' title="bbox 205 2656 367 2697; baseline -0.006 0"><span class='ocrx_word' id='word_1_215' title='bbox 205 2656 367 2697; x_wconf 71' lang='lat' dir='ltr'>ducius.</span> 
     </span>
    </p>
   </div>
   <div class='ocr_carea' id='block_1_16' title="bbox 90 2734 1792 2847">
    <p class='ocr_par' dir='ltr' id='par_1_17' title="bbox 90 2734 1792 2847">
     <span class='ocr_line' id='line_1_34' title="bbox 90 2734 1792 2789; baseline 0.004 -13"><span class='ocrx_word' id='word_1_216' title='bbox 90 2735 288 2776; x_wconf 87' lang='lat' dir='ltr'>SECTIO</span> <span class='ocrx_word' id='word_1_217' title='bbox 317 2734 455 2775; x_wconf 89' lang='lat' dir='ltr'>XVII.</span> <span class='ocrx_word' id='word_1_218' title='bbox 480 2734 660 2776; x_wconf 86' lang='lat' dir='ltr'>Familiae</span> <span class='ocrx_word' id='word_1_219' title='bbox 678 2734 722 2777; x_wconf 89' lang='lat' dir='ltr'>in</span> <span class='ocrx_word' id='word_1_220' title='bbox 745 2736 781 2776; x_wconf 88' lang='lat' dir='ltr'>S.</span> <span class='ocrx_word' id='word_1_221' title='bbox 805 2735 999 2789; x_wconf 88' lang='lat' dir='ltr'>quinque</span> <span class='ocrx_word' id='word_1_222' title='bbox 1022 2736 1145 2788; x_wconf 83' lang='lat' dir='ltr'>supra</span> <span class='ocrx_word' id='word_1_223' title='bbox 1163 2743 1348 2777; x_wconf 88' lang='lat' dir='ltr'>centum.</span> <span class='ocrx_word' id='word_1_224' title='bbox 1379 2735 1414 2789; x_wconf 86' lang='lat'>§.</span> <span class='ocrx_word' id='word_1_225' title='bbox 1435 2736 1693 2784; x_wconf 81' lang='lat' dir='ltr'>Intercalaris.</span> <span class='ocrx_word' id='word_1_226' title='bbox 1719 2743 1792 2782; x_wconf 88' lang='lat' dir='ltr'>Fa-</span> 
     </span>
     <span class='ocr_line' id='line_1_35' title="bbox 206 2793 1484 2847; baseline 0.002 -13"><span class='ocrx_word' id='word_1_227' title='bbox 206 2793 319 2835; x_wconf 87' lang='lat' dir='ltr'>milia</span> <span class='ocrx_word' id='word_1_228' title='bbox 337 2793 436 2833; x_wconf 93' lang='lat' dir='ltr'>DD.</span> <span class='ocrx_word' id='word_1_229' title='bbox 459 2793 685 2834; x_wconf 88' lang='lat' dir='ltr'>Comitum</span> <span class='ocrx_word' id='word_1_230' title='bbox 706 2796 757 2836; x_wconf 91' lang='lat' dir='ltr'>de</span> <span class='ocrx_word' id='word_1_231' title='bbox 780 2795 1049 2847; x_wconf 89' lang='lat' dir='ltr'>Schaunberg</span> <span class='ocrx_word' id='word_1_232' title='bbox 1073 2793 1255 2834; x_wconf 59' lang='lat' dir='ltr'>exafilitis</span> <span class='ocrx_word' id='word_1_233' title='bbox 1272 2794 1484 2837; x_wconf 83' lang='lat' dir='ltr'>illustrata.</span> 
     </span>
    </p>
   </div>
   <div class='ocr_carea' id='block_1_17' title="bbox 93 2872 1226 3008">
    <p class='ocr_par' dir='ltr' id='par_1_18' title="bbox 93 2872 1226 3008">
     <span class='ocr_line' id='line_1_36' title="bbox 93 2872 1226 2928; baseline 0.001 -16"><span class='ocrx_word' id='word_1_234' title='bbox 93 2872 289 2913; x_wconf 82' lang='lat' dir='ltr'>SECTIO</span> <span class='ocrx_word' id='word_1_235' title='bbox 317 2873 474 2913; x_wconf 88' lang='lat' dir='ltr'>XVIII.</span> <span class='ocrx_word' id='word_1_236' title='bbox 503 2873 683 2915; x_wconf 77' lang='lat' dir='ltr'>Familiae</span> <span class='ocrx_word' id='word_1_237' title='bbox 702 2873 747 2914; x_wconf 90' lang='lat' dir='ltr'>in</span> <span class='ocrx_word' id='word_1_238' title='bbox 765 2875 814 2914; x_wconf 90' lang='lat' dir='ltr'>T.</span> <span class='ocrx_word' id='word_1_239' title='bbox 831 2873 1106 2928; x_wconf 87' lang='lat' dir='ltr'>quadraginta</span> <span class='ocrx_word' id='word_1_240' title='bbox 1122 2874 1226 2914; x_wconf 86' lang='lat' dir='ltr'>duae.</span> 
     </span>
     <span class='ocr_line' id='line_1_37' title="bbox 93 2947 1158 3008; baseline 0.009 -21"><span class='ocrx_word' id='word_1_241' title='bbox 93 2947 290 2988; x_wconf 85' lang='lat' dir='ltr'>SECTIO</span> <span class='ocrx_word' id='word_1_242' title='bbox 320 2951 439 2992; x_wconf 90' lang='lat' dir='ltr'>XIX.</span> <span class='ocrx_word' id='word_1_243' title='bbox 464 2950 643 2993; x_wconf 84' lang='lat' dir='ltr'>Familiae</span> <span class='ocrx_word' id='word_1_244' title='bbox 661 2952 706 2993; x_wconf 90' lang='lat' dir='ltr'>in</span> <span class='ocrx_word' id='word_1_245' title='bbox 725 2954 779 2994; x_wconf 86' lang='lat' dir='ltr'>V.</span> <span class='ocrx_word' id='word_1_246' title='bbox 809 2967 894 2994; x_wconf 90' lang='lat' dir='ltr'>una</span> <span class='ocrx_word' id='word_1_247' title='bbox 913 2954 952 2996; x_wconf 84' lang='lat'>&amp;</span> <span class='ocrx_word' id='word_1_248' title='bbox 971 2954 1158 3008; x_wconf 85' lang='lat' dir='ltr'>triginta.</span> 
     </span>
    </p>
   </div>
   <div class='ocr_carea' id='block_1_18' title="bbox 96 3027 1791 3190">
    <p class='ocr_par' dir='ltr' id='par_1_19' title="bbox 96 3027 1791 3190">
     <span class='ocr_line' id='line_1_38' title="bbox 96 3027 1788 3091; baseline 0.005 -24"><span class='ocrx_word' id='word_1_249' title='bbox 96 3027 294 3068; x_wconf 88' lang='lat' dir='ltr'>SECTIO</span> <span class='ocrx_word' id='word_1_250' title='bbox 325 3032 425 3074; x_wconf 88' lang='lat' dir='ltr'>XX.</span> <span class='ocrx_word' id='word_1_251' title='bbox 454 3031 634 3073; x_wconf 87' lang='lat' dir='ltr'>Familiae</span> <span class='ocrx_word' id='word_1_252' title='bbox 691 3032 736 3074; x_wconf 91' lang='lat' dir='ltr'>in</span> <span class='ocrx_word' id='word_1_253' title='bbox 786 3032 863 3073; x_wconf 80' lang='lat' dir='ltr'>W.</span> <span class='ocrx_word' id='word_1_254' title='bbox 911 3032 1069 3084; x_wconf 88' lang='lat' dir='ltr'>septem</span> <span class='ocrx_word' id='word_1_255' title='bbox 1110 3034 1150 3075; x_wconf 72' lang='grc' dir='ltr'>ὅτ</span> <span class='ocrx_word' id='word_1_256' title='bbox 1199 3035 1519 3091; x_wconf 85' lang='lat' dir='ltr'>quinquaginta.</span> <span class='ocrx_word' id='word_1_257' title='bbox 1561 3034 1602 3090; x_wconf 84' lang='lat'>§.</span> <span class='ocrx_word' id='word_1_258' title='bbox 1644 3045 1681 3079; x_wconf 87' lang='lat'>1.</span> <span class='ocrx_word' id='word_1_259' title='bbox 1724 3032 1788 3074; x_wconf 85' lang='lat' dir='ltr'>In-</span> 
     </span>
     <span class='ocr_line' id='line_1_39' title="bbox 209 3087 1791 3190; baseline 0.005 -62"><span class='ocrx_word' id='word_1_260' title='bbox 209 3087 420 3157; x_wconf 64' lang='lat' dir='ltr'>tercalaris.</span> <span class='ocrx_word' id='word_1_261' title='bbox 492 3089 673 3132; x_wconf 87' lang='lat' dir='ltr'>Domini</span> <span class='ocrx_word' id='word_1_262' title='bbox 728 3091 780 3133; x_wconf 90' lang='lat' dir='ltr'>de</span> <span class='ocrx_word' id='word_1_263' title='bbox 836 3090 1003 3190; x_wconf 58' lang='lat' dir='ltr'>WaFlseze</span> <span class='ocrx_word' id='word_1_264' title='bbox 1053 3093 1318 3147; x_wconf 85' lang='lat' dir='ltr'>genealogice</span> <span class='ocrx_word' id='word_1_265' title='bbox 1369 3093 1546 3136; x_wconf 70' lang='lat' dir='ltr'>deduffl.</span> <span class='ocrx_word' id='word_1_266' title='bbox 1597 3107 1635 3135; x_wconf 92' lang='lat'>2.</span> <span class='ocrx_word' id='word_1_267' title='bbox 1681 3094 1791 3190; x_wconf 57' lang='grc' dir='ltr'>Ῑὲεὸτ</span> 
     </span>
    </p>
   </div>
  </div>
 </body>
</html>
