2122 3507
181 120 204 156 8
870 105 1012 152 {gx-3&
1034 117 1059 143 0
1081 101 1224 152 >assis

181 193 310 247 tingit
345 193 471 233 etiam
511 191 554 230 in
589 201 772 229 numero
805 188 1021 227 Abbatum
1058 187 1303 229 nostrorum
1334 187 1673 244 Qtinquagefimum
1703 188 1807 238 effe,
1841 188 1906 228 in-

181 252 518 294 strumentorum
542 250 563 288 a
583 260 649 286 me
668 254 941 300 repertorum
957 246 1039 286 fide
1060 245 1329 299 irrefragabili
1352 259 1361 285 ι
1394 246 1674 286 obsecundare
1690 248 1758 288 hic
1780 247 1905 287 libuit

178 311 419 351 multorum
450 305 656 347 desiderio
674 305 837 345 dudum
856 302 1124 355 impatienti,
1155 314 1241 345 tam
1264 303 1389 356 hujus
1413 303 1557 344 calculi
1576 304 1804 345 Abbatialis
1819 319 1906 345 cer-

183 366 436 413 titudinem,
467 366 595 418 quam
617 362 744 403 etiam
762 365 1101 417 qualemcunque
1121 363 1274 403 Rerum
1294 361 1602 416 praecipuarum
1619 362 1905 414 Campililien-

183 428 289 466 sium
307 424 486 471 interea,
517 422 621 462 dum
652 422 778 475 Opus
798 421 1065 473 perficiatur,
1096 421 1305 474 Synopsin
1328 418 1625 472 consequendi.
1703 420 1904 471 Qorum

180 483 362 538 proinde
378 480 421 521 in
439 479 636 532 gratiam,
655 491 812 519 novam
832 480 900 520 hic
919 476 1055 520 Seriem
1076 475 1311 520 Abbatialem
1328 476 1637 524 Domesticam‚
1657 490 1785 529 quarn
1808 480 1904 517 fun-

183 543 384 583 damento
408 537 701 592 Diplomatico
719 536 1043 590 redintegratam
1062 535 1158 590 ipsis
1182 535 1224 576 in
1243 534 1359 589 Faflzs
1383 537 1475 576 tute
1493 534 1801 581 constabiliam,
1832 549 1902 587 pe-

182 599 314 640 nitius
334 596 506 638 interim
528 596 728 637 subdu&a
752 592 1067 648 Chi-omologia,
1093 595 1131 635 ἃ*
1157 592 1321 646 adjeffis
1345 593 1567 635 breviculis
1584 592 1739 646 Elogiis
1759 593 1904 634 Histo-

182 656 301 704 ricis,
333 654 544 696 adscribo:
574 655 596 694 e
621 667 706 708 qua
727 653 883 707 praevie
904 652 1155 706 praegustare
1184 653 1350 693 valeant
1374 651 1539 693 Eruditi
1563 651 1902 705 Amplitudinem

183 729 229 756 ac
246 714 496 768 dignitatem
505 712 781 768 Argumenti,
812 708 927 764 Fastis
946 710 1097 753 nostris
1118 710 1294 765 praefixi.

674 817 1427 919 SERIES

181 964 643 1049 chronologica
677 962 834 1029 DD.
873 957 1326 1026 ABBATUM
1368 960 1906 1046 Campililienfium.

681 1087 913 1140 Saeculztm
951 1084 1224 1158 Campililzj
1267 1087 1395 1139 Lmum,

182 1197 214 1236 Ι.
378 1194 548 1236 KERUS
577 1190 887 1232 Proto-Abbas
907 1189 1048 1231 noster
1064 1193 1087 1230 a
1113 1190 1168 1230 D.
1189 1187 1444 1242 Marquardo
1464 1191 1627 1232 Abbate
1650 1191 1712 1230 3.ae
1731 1188 1904 1238 C1·uci3‚

244 1201 373 1338 O
404 1252 479 1292 ubi
498 1245 703 1304 professus
723 1255 834 1295 erat,
866 1259 963 1287 cum
982 1245 1185 1287 Gebhardo
1207 1247 1373 1297 Priore,
1404 1248 1443 1288 &
1466 1248 1595 1290 tertio
1612 1249 1750 1289 adhuc
1767 1248 1906 1287 Sacer-

405 1311 506 1349 dote
525 1336 537 1356 ,
567 1317 727 1345 novem
758 1311 961 1356 praeterea
990 1303 1212 1343 Monachis
1231 1333 1243 1353 ‚
1282 1304 1505 1358 tribusque
1535 1307 1762 1346 Conversis
1794 1308 1904 1346 Ann.

291 1366 493 1408 MCCVI.
512 1361 601 1417 viij.
618 1362 678 1404 Id.
693 1362 876 1414 Septem.
894 1361 917 1400 e
933 1361 968 1400 S.
985 1360 1124 1401 Cruce
1146 1373 1243 1401 cum
1261 1361 1555 1402 benedirstione
1575 1362 1784 1412 dimissus,
1804 1364 1905 1403 alte-

291 1439 337 1467 ra
351 1423 456 1464 Vero
478 1422 566 1470 die,
596 1420 667 1460 i.e.
686 1419 729 1459 in
749 1417 975 1472 pervigilio
993 1417 1242 1459 Nativitatis
1263 1419 1440 1459 B.M.V.
1462 1421 1624 1474 vesperi
1644 1423 1713 1460 hic
1732 1420 1905 1474 Campi-

291 1479 365 1534 lilii
392 1484 415 1522 a
431 1476 697 1520 Serenissimo
714 1475 907 1528 Principe
934 1477 965 1515 F
970 1477 1176 1517 undatore
1207 1476 1517 1517 LEOPOLDO
1547 1478 1641 1517 VII.
1671 1478 1793 1518 Duce
1815 1480 1904 1518 Au-

293 1540 401 1581 striae
423 1539 461 1579 ὅτ
475 1535 606 1578 Stiriae
623 1532 937 1576 clementissime
957 1542 1184 1587 exceptuS,
1216 1534 1254 1574 &
1276 1533 1544 1575 introductus
1561 1564 1573 1585 ,
1602 1535 1694 1588 ipso
1717 1535 1822 1575 festo
1841 1534 1908 1575 in-

294 1595 488 1651 sequenti
507 1598 529 1636 ὲι
543 1595 598 1635 D.
621 1592 776 1646 Popone
796 1592 1007 1646 Episcopo
1030 1590 1260 1632 Patavienfi
1281 1591 1626 1633 Benedifflonem
1643 1592 1909 1634 Abbatialern

294 1654 484 1708 suscepit.
539 1649 746 1694 Obtinuit
760 1650 812 1690 ab
834 1648 1053 1691 Innocentio
1069 1650 1178 1704 Papa
1192 1650 1263 1690 ΙΙΙ.
1284 1649 1465 1704 primam
1484 1652 1714 1691 solemnem
1733 1650 1907 1692 Institu-

295 1712 428 1755 tionis
456 1726 501 1753 ac
528 1707 883 1751 Confirmationis
910 1709 1071 1749 Bullam
1099 1711 1211 1753 Ann.
1241 1707 1482 1749 MCCVIII.
1510 1711 1750 1764 eodemque
1778 1710 1908 1749 Anno

294 1772 412 1814 Non.
431 1769 670 1811 Novembr.
689 1764 893 1822 piiffime‚
922 1766 989 1807 sed
1009 1767 1262 1820 praemature
1288 1765 1410 1807 obiit,
1464 1766 1567 1808 Satis
1586 1767 1624 1808 ei
1643 1766 1785 1822 gloriae
1801 1767 1904 1817 fuit,

295 1830 468 1871 Domus
484 1827 581 1882 post
601 1839 700 1867 eum
715 1832 803 1866 tam
820 1824 1033 1866 diuturnae
1049 1824 1325 1865 fundamenta
1340 1823 1445 1865 adeo
1463 1824 1592 1866 solida
1611 1823 1814 1879 posuisse:
1834 1837 1909 1865 cu·-

297 1887 361 1943 jus
387 1887 515 1928 etiam
545 1882 785 1925 AEdificium
812 1881 1048 1932 materiale,
1084 1881 1246 1923 interea
1274 1883 1379 1923 dum
1410 1882 1641 1924 strueretur
1659 1912 1672 1934 ,
1698 1884 1750 1923 ab
1777 1884 1905 1924 Anno

296 1946 476 1987 MCCII.
493 1956 591 1985 cum
615 1942 784 1982 duobus
806 1940 925 1982 sociis
944 1939 1103 1980 solicite
1125 1939 1336 1981 direxerat
1351 1970 1363 1991 ‚
1395 1940 1588 1982 habitans
1604 1940 1649 1981 in
1667 1943 1772 1982 Arce
1790 1949 1906 1982 retro

296 2000 629 2049 Monasterium,
656 1998 732 2038 ubi
763 2008 885 2039 antea
914 1998 1149 2039 residebant
1170 1997 1347 2038 Nobiles
1370 1998 1505 2038 DD.¹¹i
1523 1997 1834 2050 Lilienveldarii‚
1863 1999 1905 2040 &

298 2074 392 2115 quae
408 2061 545 2100 adhuc
562 2056 766 2111 superest,
791 2056 986 2109 pluribus
1008 2055 1152 2108 postea
1169 2055 1322 2096 Seculis
1340 2056 1509 2096 Domus
1525 2055 1765 2097 Abbatialis.
1798 2057 1907 2097 Ora-

297 2118 462 2160 torium
488 2112 728 2167 Monasterij
745 2127 822 2167 per
845 2126 912 2162 30.
932 2114 1070 2166 prope
1087 2116 1257 2161 Annos,
1286 2126 1516 2167 usquequo
1541 2114 1816 2167 perficeretur
1831 2115 1908 2155 Ec-

297 2178 436 2226 clefia,
466 2175 547 2215 fuit
566 2174 753 2226 Capella,
787 2184 918 2225 quam
935 2169 1066 2210 hodie
1084 2169 1263 2211 dicimus
1284 2172 1327 2211 B.
1341 2170 1530 2224 Virginis
1546 2171 1844 2221 Annunciatae,
1857 2173 1908 2211 fi-

297 2248 353 2275 ve
368 2236 406 2279 S.
428 2231 662 2274 Sebastiani.
719 2230 971 2283 Capitulum
1000 2226 1081 2282 jam
1108 2228 1299 2279 steterat,
1327 2227 1374 2269 in
1391 2242 1480 2284 quo
1511 2230 1567 2270 D.
1588 2226 1741 2270 Okerus
1769 2231 1907 2284 sepul-

298 2300 367 2333 tus
390 2291 484 2332 suit.

186 2354 246 2394 11.
278 2347 612 2390 GEBHARDUS
641 2357 696 2387 ex
724 2343 867 2385 Primo
895 2342 1041 2384 Priore
1061 2345 1163 2385 alter
1180 2345 1340 2394 Abbas,
1371 2346 1499 2385 Anno
1527 2345 1732 2386 MCCIX.
1752 2346 1775 2386 a
1792 2346 1906 2386 Sere-

298 2405 467 2449 nissimo
487 2407 609 2446 Duce
631 2404 872 2444 Fundatore
890 2401 1076 2453 geminas
1096 2402 1126 2441 F
1129 2401 1374 2442 undationis
1391 2403 1548 2443 Literas
1567 2403 1729 2456 accepit
1749 2416 1760 2442 :
1800 2403 1910 2444 item>

299 2467 350 2506 ab
380 2466 532 2505 eodem
556 2465 665 2504 Ann.
695 2458 941 2503 MCCXIX.
969 2459 1153 2500 maxime
1175 2459 1334 2511 insigne
1362 2460 1400 2500 ὅτ
1422 2460 1706 2502 inaestimabile
1724 2462 1907 2501 Donum

299 2521 465 2577 grandis
486 2520 699 2561 Particulae
718 2518 870 2559 &1113stae
888 2531 934 2559 ac
949 2517 1146 2559 Salvificae
1171 2516 1319 2557 Crucis
1352 2516 1589 2558 Dominicae
1607 2529 1618 2556 τ
1647 2530 1737 2570 quo
1759 2517 1908 2557 etiam..

299 2593 406 2622 num
434 2580 645 2619 Thesauro
668 2577 712 2617 in
740 2575 933 2616 Domino
962 2574 1252 2629 jucundamur.
1323 2574 1525 2616 Obtentis
1554 2574 1747 2628 pluribus
1778 2575 1905 2616 Bullis

296 2637 543 2691 Papalibus,
572 2650 616 2676 ac
633 2633 864 2688 Privilegiis
883 2633 1096 2683 Caesareis,
1126 2631 1391 2686 Principibus
1406 2631 1520 2673 Viris
1539 2633 1702 2673 summe
1725 2632 1904 2684 Charus,

298 2695 511 2749 Religiosis
533 2691 833 2734 amantissimus
862 2694 1002 2742 Pater,
1030 2693 1271 2744 Pauperum
1300 2692 1479 2731 Amator
1509 2689 1762 2731 tenerrimus
1783 2719 1795 2739 ‚
1829 2692 1907 2731 bo-

299 2768 406 2795 num
445 2761 656 2794 certarnen
685 2753 807 2791 suum
831 2751 947 2790 beate
977 2748 1288 2790 consummavit
1326 2749 1396 2789 III.
1415 2750 1512 2789 Idus
1527 2749 1751 2789 Decembr.
1777 2751 1904 2790 Anno

299 2812 610 2853 MCCXXVII.
669 2810 755 2849 Sub
773 2822 824 2849 eo
843 2808 1076 2862 perfectum
1091 2808 1149 2849 est
1165 2806 1453 2861 Perystssium,
1473 2808 1557 2848 five
1571 2805 1767 2848 Ambitus
1785 2803 1905 2860 juxta

301 2871 540 2912 Ecclesiam:
570 2870 656 2909 haec
676 2880 780 2907 vero
800 2880 934 2920 usque
950 2868 1024 2906 sub
1043 2866 1202 2907 tectum
1220 2864 1414 2907 ascendit.

191 2939 276 2980 ΙΙΙ.
304 2938 460 2979 OTTO
489 2938 518 2977 I.
550 2937 624 2976 sub
644 2948 733 2989 quo
756 2934 935 2987 perfe&a
949 2933 1007 2975 est
1021 2931 1185 2987 Templi
1204 2930 1336 2973 nostri
1356 2929 1509 2972 fabrica
1527 2928 1673 2983 ingens
1691 2929 1782 2971 seffl
1799 2930 1905 2985 lapi.

300 2995 388 3045 dis,
418 2994 658 3048 magnifica,
688 2993 728 3034 ὅ(
755 2993 988 3041 sumtuosa,
1021 2991 1254 3032 etiamnum
1274 2987 1503 3030 firmissime
1529 2987 1714 3041 perstans
1731 3018 1744 3038 ,
1775 2998 1906 3043 atque

299 3053 385 3106 ipsa
406 3055 576 3095 Ecclesia
592 3050 833 3093 solemniter
853 3049 1038 3091 dedicata
1057 3049 1137 3090 fuit
1157 3052 1179 3090 a
1207 3049 1262 3088 D.
1286 3045 1504 3088 Eberhardo
1526 3045 1903 3101 Archi-Episcopo

304 3110 598 3165 Salisburgensi
620 3110 686 3153 die
706 3121 772 3159 30.
789 3109 1025 3151 Novembr.
1039 3108 1086 3152 in
1105 3107 1210 3151 festo
1230 3107 1272 3156 S.
1286 3106 1460 3150 Andreae
1481 3103 1676 3161 Apostoli
1691 3104 1737 3147 in
1759 3106 1904 3162 honoq

1808 3175 1900 3205 tem
