2122 3507
784 142 929 191 ἓῦέζοέ(
953 153 979 180 0
1000 141 1144 190 >228oe
1769 165 1818 191 ιι

106 230 241 275 XVI.
270 227 427 269 OTTO
458 228 508 268 II.
537 239 626 267 non
655 224 797 280 paucis
826 225 1029 278 proficuis
1056 225 1356 266 Contrafflbus
1387 228 1558 270 celebris
1581 259 1593 280 ,
1622 233 1768 274 exano
1798 267 1812 286 ‚

213 287 282 326 vel
304 287 415 326 torte
431 299 522 326 non
550 285 722 337 expleto
741 282 935 324 triennali
952 282 1179 338 regimine,
1195 283 1381 326 iteriniit
1399 288 1643 330 aeternitatis
1660 290 1727 332 die
1746 305 1812 334 21.

213 345 292 399 Jul.
315 346 393 384 An.
414 343 711 384 MCCCXLV.

104 417 270 460 XVII.
298 417 529 458 ULRICUS
558 415 823 456 Candelabro
845 414 1077 465 Praesulari,
1094 416 1147 456 fic
1171 416 1366 471 exigente
1384 420 1482 459 cum
1496 419 1693 470 virtutis,
1718 430 1814 464 tum

215 475 394 518 scientiae
409 474 564 515 merito
586 504 597 523 ‚
624 472 786 513 invitus
804 481 946 513 tamen
970 472 1194 526 impofitus
1213 475 1388 516 videtur
1408 507 1419 526 ,
1450 478 1489 519 δε
1509 491 1615 519 mox
1637 482 1711 520 sub
1734 481 1814 521 ini-

216 534 330 576 tium
367 531 581 587 dignitatis
607 532 657 571 de
676 529 870 571 miffione
897 530 1162 584 impetranda
1186 532 1395 585 cogitssilie.
1453 536 1576 589 Egit,
1608 539 1814 590 quamdiu

215 593 441 647 praefuerat
457 620 470 641 ‚
501 588 664 630 utiliter
685 620 697 639 ‚
727 588 1044 642 humiliterque.
1105 591 1160 629 At
1181 590 1286 629 verb
1307 593 1382 630 iub
1400 593 1814 638 AnnumMCCCLL

218 648 456 691 Ceffionem
481 647 711 702 impetrans
740 678 751 697 ‚
796 660 893 687 cum
914 647 1069 700 gaudio
1096 646 1252 687 redivit
1270 649 1319 688 ad
1342 649 1465 701 Opus
1482 680 1493 699 ‚
1523 654 1811 695 Abbaciajium

217 721 414 749 curarum
432 708 547 748 causa
568 704 847 747 intermiffum
862 736 874 756 ,
903 706 1120 745 volumen
1139 704 1336 745 videlicet
1356 705 1501 759 ingens
1526 739 1537 759 ,
1567 713 1684 763 quod
1703 712 1814 753 inte..

216 779 340 819 grum
366 764 620 806 membranis
644 764 805 806 constat
826 795 838 813 ‚
867 777 950 803 una
979 762 1191 815 perpetub
1215 762 1318 803 facie
1348 763 1434 817 folij
1461 768 1529 805 sua
1549 781 1677 810 manu
1698 771 1813 823 depi-

217 825 281 864 <sta
299 853 311 873 ,
344 825 469 864 altera
486 823 636 876 scripta
660 853 672 872 ‚
702 822 770 863 cui
794 834 954 861 nornen
970 819 1125 860 indidit
1149 819 1427 860 Concordantiae
1449 820 1656 871 charitatis,
1697 830 1814 868 Con-

221 881 384 922 tinetur
401 881 446 922 in
476 895 526 922 eo
551 880 714 920 Postilla
749 880 912 932 integra
938 877 983 917 in
1009 877 1154 917 omnia
1180 877 1315 918 totius
1334 879 1430 918 anni
1450 881 1775 927 Dominicarum
1800 916 1813 935 ,

219 939 441 981 festorum
459 969 471 988 ‚
501 935 901 990 Communiumque
919 935 1142 987 Evangelia
1160 966 1172 986 ‚
1204 949 1302 976 cum
1318 937 1461 976 multis
1486 939 1572 978 aliis
1595 944 1814 996 concepti..

217 999 296 1037 bus
315 996 547 1037 Moralibus
571 1024 582 1044 ‚
616 994 850 1035 doctrinam
873 1007 918 1034 ac
936 992 1139 1047 pietatem
1165 993 1455 1035 redolentibus
1475 1008 1486 1035 t
1517 1010 1607 1050 quo
1632 1000 1814 1042 Cimelio

215 1055 351 1095 adhuc
370 1053 627 1094 deliciamur.
670 1054 819 1093 Annus
838 1081 850 1101 ‚
883 1065 974 1106 quo
994 1052 1105 1093 obiit
1125 1052 1193 1093 vir
1213 1052 1310 1106 pius
1329 1083 1341 1103 ‚
1372 1051 1601 1096 intercidit.

98 1119 262 1168 XVIII.
296 1123 583 1163 GERLACUS
614 1122 791 1164 testibus
822 1121 1112 1164 instrumentis
1136 1124 1271 1163 multa
1294 1137 1391 1164 cum
1413 1127 1646 1167 commodo
1665 1127 1816 1167 Mona-

216 1179 325 1234 sterij
366 1180 451 1235 egit
469 1211 481 1230 ‚
514 1180 711 1234 interque
739 1180 841 1222 alios
866 1181 1151 1221 Benefactores
1179 1183 1427 1222 numerabat
1454 1184 1506 1222 D.
1530 1181 1816 1226 cholomanmem

214 1240 478 1293 Episcopum
496 1238 796 1292 Jaurinensem.
854 1238 1012 1279 Ultima
1036 1241 1106 1278 sua
1127 1238 1287 1279 subivit
1302 1240 1369 1280 die
1390 1241 1602 1292 postrema
1625 1242 1721 1295 Maii
1737 1245 1817 1286 An⁹

214 1298 533 1341 MCCCLVIII.
590 1297 688 1337 Hoc
706 1299 781 1337 sub
808 1298 972 1337 Abbate
996 1295 1280 1348 quadriennio
1300 1299 1398 1337 ante
1417 1299 1638 1340 defunctus
1658 1300 1716 1341 est
1728 1303 1817 1342 Ma-

214 1356 343 1410 gister
362 1355 525 1405 Ioannes
553 1353 701 1394 Corona
722 1353 946 1394 clericorum
965 1383 977 1402 ‚
1008 1353 1232 1393 vernacule
1254 1352 1493 1407 Pfaffencmn
1514 1386 1526 1405 ‚
1557 1356 1681 1397 Sacrae
1699 1353 1817 1399 ‘Theo-

217 1414 317 1469 logiae
349 1412 536 1464 Profeſjor
570 1410 741 1451 Eximius
760 1440 771 1458 ,
803 1420 854 1451 ut
888 1412 1016 1451 habet
1049 1409 1171 1463 Lapis
1202 1409 1319 1462 ejus,
1351 1415 1417 1451 vel
1444 1413 1537 1453 stilo
1574 1414 1821 1470 Necrologij

217 1469 352 1511 nostri
379 1468 562 1511 Sacerdos
591 1465 642 1512 ἐς
676 1466 904 1508 Monachus
923 1465 1035 1517 hujus
1058 1465 1208 1506 Domus
1226 1496 1238 1515 ‚
1263 1467 1456 1521 gratiosus
1477 1467 1624 1511 DoHor
1648 1471 1700 1516 ἐς
1719 1473 1820 1514 Pro„

210 1528 325 1582 seffor
346 1526 384 1567 S.
400 1521 619 1579 Theologiae:
648 1524 723 1577 qui
740 1523 1040 1564 verofimiliter
1064 1522 1143 1577 jam
1160 1524 1236 1563 sub
1259 1525 1473 1566 Anteriori
1482 1528 1557 1566 bus
1582 1530 1819 1572 Abbatibus·

220 1583 383 1626 floruit.
440 1581 687 1622 credendus
722 1580 781 1623 est
810 1581 978 1622 Doc‘tor
1002 1582 1157 1631 ItaluS,
1200 1583 1267 1622 vel
1293 1583 1465 1623 Gallus:
1497 1586 1594 1626 cum
1624 1600 1669 1626 ea
1697 1597 1820 1629 aetate

218 1643 334 1683 nulla
358 1638 596 1680 Germaniae
619 1637 876 1680 Univerfitas
907 1639 1059 1680 Studio
1089 1639 1352 1693 Theologico
1381 1643 1588 1684 claruerit.
1644 1645 1820 1687 Glorio-

218 1702 286 1742 sus
306 1698 377 1739 hic
395 1696 514 1738 Civis
529 1709 752 1751 nunquam
781 1697 982 1738 hactenus
1001 1697 1227 1752 Campililij
1247 1699 1414 1755 agnitus
1440 1702 1580 1743 fuerat
1595 1732 1608 1754 ,
1636 1704 1705 1746 sed
1717 1718 1819 1749 cum

215 1760 349 1800 altero
367 1755 541 1811 gemino
563 1755 766 1810 Magistro
786 1754 930 1807 Ioanne
948 1757 1161 1803 confusus.
1704 1764 1706 1768 ’

98 1836 239 1884 XIX.
268 1832 659 1877 CHRISTANNUS
680 1834 788 1874 bene
807 1841 927 1876 antea
946 1864 958 1886 ‚
989 1833 1126 1876 immo
1147 1833 1314 1890 optime
1329 1838 1380 1880 de
1402 1837 1616 1882 Fratribus
1635 1840 1715 1882 suis
1730 1855 1818 1884 me-³

213 1895 323 1938 ritus
346 1893 405 1935 es’c
427 1921 440 1942 ‚
471 1893 499 1933 fi
528 1899 675 1934 caetera
697 1889 879 1934 abessent
894 1924 906 1943 ‚
937 1894 1006 1934 vel
1032 1896 1121 1934 solo
1148 1897 1233 1936 hoc
1256 1897 1433 1937 nomine
1451 1929 1462 1948 ‚
1492 1900 1610 1951 qubd
1630 1901 1756 1941 variis
1773 1901 1819 1944 li,

213 1952 315 1996 teris
344 1965 434 1991 non
470 1950 612 1991 obiter
632 1950 789 1991 timstus
816 1981 828 2002 ‚
859 1952 957 1992 curn
975 1952 1161 2006 propriae
1181 1966 1331 1995 manus
1351 1955 1545 1996 indefessa
1573 1956 1777 2000 industria
1805 1988 1818 2008 ‚

217 2021 316 2053 tum
335 2009 517 2050 aliorum
535 2008 799 2050 exstimulata
818 2039 829 2058 ‚
860 2011 928 2050 vel
946 2011 1154 2051 conducia
1172 2011 1297 2052 etiam
1316 2012 1445 2066 operti
1464 2044 1475 2064 ‚
1505 2014 1584 2055 tria
1605 2014 1706 2066 iusta
1729 2019 1769 2056 V
1771 2030 1822 2057 o·-

211 2068 375 2112 lumina
402 2066 675 2121 optimorum
695 2067 1064 2108 Collectaneorum
1084 2070 1305 2110 communi
1327 2072 1518 2112 Fratrum
1547 2073 1720 2113 utilitati
1739 2087 1816 2127 ap-

211 2125 428 2182 paraverit
447 2155 460 2175 ,
505 2126 699 2179 quaedam
728 2124 790 2164 sui
834 2137 1012 2177 quoque
1041 2125 1199 2179 ingenii
1236 2138 1519 2170 monumenta
1563 2131 1819 2185 plerumque

211 2182 621 2226 Metrico-Ascetica
644 2181 787 2222 alienis
810 2180 1057 2222 interserens
1077 2193 1087 2220 2
1118 2195 1228 2236 quos
1251 2185 1430 2225 Codices
1447 2188 1817 2231 men1b1·aneosad.

212 2244 301 2284 huc
323 2250 533 2282 tenemus.
588 2239 877 2280 Praefesturam
897 2237 984 2292 ejus
1002 2252 1091 2280 non
1112 2240 1252 2281 minus
1272 2242 1422 2283 utilem
1446 2273 1458 2292 ‚
1486 2248 1616 2298 quam
1647 2246 1782 2288 studia
1805 2277 1819 2296 ‚

215 2301 408 2342 futuram
429 2327 442 2346 ,
472 2310 588 2338 mors
611 2296 788 2339 celerior
818 2310 918 2338 cum
936 2297 1065 2339 tertio
1085 2296 1166 2352 jam
1184 2313 1297 2341 anno
1318 2302 1492 2356 abrupit
1518 2303 1586 2344 die
1612 2316 1625 2343 1
1641 2316 1675 2352 ς.
1704 2304 1819 2360 Junij

221 2359 305 2402 An0
332 2356 590 2398 MCCCLX.

102 2429 209 2478 XX,
237 2427 560 2470 STEPHANUS
596 2427 630 2472 Ι.
667 2425 839 2468 robusta
868 2427 1007 2469 adhuc
1031 2435 1154 2470 aetate
1170 2441 1281 2470 onus
1298 2430 1485 2472 Praesulis
1526 2443 1620 2473 cum
1652 2434 1821 2475 honore

216 2485 441 2540 suscipiens
458 2515 471 2536 ,
502 2483 621 2526 annis
637 2486 735 2527 0610
751 2486 791 2527 δε
812 2484 986 2540 triginta
1011 2486 1147 2528 eidem
1167 2487 1324 2528 eximie
1340 2490 1516 2530 ferendo
1528 2503 1603 2544 par
1620 2492 1714 2535 fuit.
1752 2494 1821 2533 In-

215 2558 319 2600 gens
338 2545 476 2585 adhuc
502 2543 686 2596 superest
713 2556 916 2584 numerus
953 2544 1342 2587 Instrumentorum
1362 2577 1374 2597 ,
1405 2548 1504 2588 Acta
1522 2546 1608 2601 ejus
1639 2550 1821 2603 prbvida

216 2606 259 2647 &
290 2603 596 2657 percommoda
620 2601 899 2643 laudantium.
957 2602 1064 2658 Qae
1087 2605 1188 2643 dum
1217 2606 1398 2645 necdum
1419 2606 1617 2660 inquisita
1634 2638 1645 2656 ,
1675 2607 1820 2660 incog-

217 2662 308 2704 nita
334 2660 440 2701 olim
466 2660 511 2701 in
539 2659 742 2701 Archivio
776 2662 955 2701 laterent
974 2690 986 2711 ‚
1017 2669 1182 2702 veteres
1201 2663 1394 2716 Catalogi
1416 2666 1576 2705 multos
1601 2665 1700 2706 huic
1716 2668 1820 2705 Prae-

217 2720 296 2762 suli
313 2732 447 2759 annos
466 2718 751 2767 abstulerunt,
773 2715 979 2772 nulldque
993 2719 1162 2760 subnixi
1182 2721 1463 2763 fundamento
1490 2723 1625 2764 solido
1641 2753 1652 2773 ‚
1683 2724 1821 2764 eidem

217 2777 530 2831 subjunxerunt
563 2773 786 2830 Stephanum
810 2778 989 2819 alterurn
1011 2808 1024 2828 ‚
1052 2786 1202 2820 contra
1224 2779 1480 2820 Chartarum
1511 2782 1549 2822 &
1574 2779 1817 2833 Neci-olegii

218 2837 362 2878 fidem.
420 2836 504 2875 Sub
523 2848 574 2874 eo
602 2832 731 2876 Pileus
749 2834 980 2876 Cardinalis
998 2837 1177 2890 Legatus
1199 2838 1257 2876 ob
1282 2837 1456 2879 nimiam
1475 2837 1732 2879 intenfiffimi
1747 2838 1819 2878 fri-

220 2893 335 2945 goris
359 2893 623 2947 asperitatem
639 2923 651 2943 ‚
681 2891 798 2934 cibos
819 2905 903 2945 prae
922 2894 1118 2936 manibus
1147 2896 1441 2949 congelantem
1462 2926 1474 2943 ‚
1506 2897 1676 2937 indulsit
1693 2896 1819 2936 nobis

223 2953 463 2993 facultatem
484 2981 497 3002 ‚
526 2950 798 2993 construendi
822 2952 1106 2994 Refectorium
1129 2954 1322 3006 hyemale
1341 2967 1439 2995 cum
1457 2957 1636 2995 fornace.
1693 2952 1819 2994 Obiit

221 3009 327 3049 verb
372 3011 521 3051 Praesul
570 3009 800 3052 diuturnus
855 3011 1020 3054 meritis
1064 3011 1182 3053 dives
1228 3011 1296 3054 die
1358 3025 1395 3063 9.
1439 3009 1631 3069 januar-ij.
1687 3013 1818 3054 Anno

226 3066 586 3112 MCCCCXVIII.

853 3194 901 3248 C
931 3207 967 3252 2
1598 3198 1635 3248 S
1635 3195 1815 3254 (culum
