2122 3507
800 132 945 181 ἓῧὲίῡὲ(
967 145 992 172 0
1015 131 1160 182 >fig³ss
1769 146 1813 175 21

120 218 224 262 adeo
252 215 366 261 stilus
390 229 532 259 earum
562 230 608 258 ac
635 215 827 256 formulae
844 245 856 266 ,
883 217 1136 272 plerumque
1158 214 1392 258 consimiles
1409 245 1422 265 ‚
1450 213 1637 257 Eruditis
1660 213 1739 267 jam
1761 219 1819 257 fe·-

117 280 162 320 re
180 279 230 318 ad
261 278 450 317 nauseam
470 275 675 317 constent.
734 273 886 326 Neque
906 276 1062 328 placuit
1079 305 1091 325 ‚
1120 274 1164 315 in
1188 275 1370 315 Recensu
1398 274 1544 316 nostro
1571 273 1819 327 Diplomata

116 335 258 377 nostra
277 365 289 384 ,
310 335 471 375 Ordine
491 334 604 374 mere
634 332 955 384 Chronologico
988 335 1248 386 epocharum
1272 336 1459 381 suarum,
1490 346 1587 374 cum
1615 331 1741 372 initio
1771 345 1817 371 ac

118 394 203 434 fine
230 396 307 433 suo
348 393 392 433 in
424 391 613 432 medium
643 390 768 429 dare:
802 403 854 429 ne
874 420 885 439 ,
918 393 1035 444 quod
1069 392 1181 444 apud
1208 391 1310 430 alios
1343 391 1446 430 mihi
1481 389 1816 431 molestiffimum

117 459 205 491 erat
222 481 233 501 ‚
264 451 350 503 ipse
378 449 690 491 committerem
708 476 718 495 ,
750 449 950 500 quadrata
969 448 1165 488 rotundis
1182 446 1471 501 permiscendss
1493 477 1505 496 ‚
1533 449 1815 500 Personasque

118 511 215 549 cum
237 510 455 557 Summas,
485 516 578 547 tum
606 504 761 545 medias
781 534 792 554 ‚
827 507 864 546 ἅ*
883 506 1047 545 infimas
1076 506 1266 558 undique
1295 507 1599 547 confundendo
1618 536 1631 555 ‚
1662 519 1818 559 opero-

118 569 166 608 sae
196 566 367 607 interim
394 563 653 606 discretionis
682 576 809 602 onere
836 562 878 603 in
908 565 1016 603 solos
1040 564 1232 603 Leastores
1266 562 1445 608 remisso.
1517 566 1702 605 Tandem
1728 577 1817 602 non

120 624 244 664 etiam
266 623 479 664 suffecerat
495 620 599 661 mihi
621 651 632 669 ‚
661 620 847 661 Nomina
870 621 913 661 in
938 621 1105 661 Char-tis
1128 621 1279 661 nostris
1307 621 1482 661 celebria
1502 624 1583 662 sola
1600 624 1816 674 evulgare:

119 681 192 722 nili
214 680 370 734 pariter
390 709 402 729 ‚
431 679 603 733 quinam
622 678 679 719 illi
712 678 892 726 fuerint,
923 679 999 732 qui
1028 692 1073 718 ea
1092 677 1388 718 Anterioribus
1407 680 1558 719 Seculis
1580 693 1677 720 cum
1696 679 1819 719 laude

117 737 325 794 gesserunt
341 768 352 788 ,
383 737 512 778 hodie
531 736 635 777 vero
655 739 677 777 a
693 736 897 776 memoria
918 736 1147 776 hominum
1166 737 1390 788 tantopere¹
1409 737 1563 777 remoti
1582 739 1678 777 sunt
1694 767 1705 786 ‚
1738 750 1817 775 no-

116 795 228 836 viter
259 795 428 845 testari,
459 810 505 836 ac
538 794 723 835 breviter
759 794 931 846 quidem
951 824 962 842 ‚
994 804 1179 834 attamen
1213 793 1250 833 ἅ*
1281 792 1497 845 perspicue
1523 825 1534 843 ‚
1560 807 1814 847 quacunque

116 856 291 894 demum
327 852 515 908 poffem,
546 853 649 894 Veri
675 853 742 893 vel
768 851 1022 892 certitudine
1040 880 1052 900 ‚
1080 860 1154 891 aut
1180 850 1452 891 similitudine
1480 853 1622 892 laitem
1655 851 1814 893 edicere

115 924 304 957 conarer.

232 1028 343 1079 Ergo
361 1024 458 1079 post
474 1036 622 1064 omnes
639 1024 835 1064 Personas
860 1052 871 1073 ,
903 1021 1076 1064 infinito
1097 1025 1417 1077 propemodum
1436 1036 1616 1064 numero
1638 1022 1681 1064 in
1702 1026 1818 1065 char-

116 1084 170 1125 tis
195 1083 346 1124 nostris
363 1091 632 1124 occurrentes
653 1112 664 1132 ‚
697 1082 848 1136 ezisque
882 1095 970 1121 non
997 1081 1208 1135 principes
1227 1083 1460 1129 duntaxat,
1492 1095 1671 1136 quarum
1699 1082 1818 1123 vide-

114 1142 211 1183 licet
227 1141 323 1195 ipsae
344 1149 463 1182 erant
485 1141 635 1181 Literae
655 1169 666 1189 ‚
694 1141 761 1180 sed
781 1139 907 1180 etiam
931 1150 1094 1180 caeteras
1111 1139 1268 1193 pariter
1286 1171 1298 1189 ‚
1326 1154 1419 1194 quae
1443 1141 1549 1181 inibi
1574 1142 1641 1181 vel
1663 1140 1818 1181 testatae

114 1198 250 1240 solum
271 1200 439 1239 fuerant
457 1228 469 1249 ‚
502 1199 586 1239 five
614 1198 709 1238 alias
736 1209 1078 1238 commemoratae
1096 1228 1108 1247 ‚
1140 1199 1374 1239 decumano
1407 1200 1551 1239 labore
1585 1199 1784 1239 extrac‘tas
1804 1227 1816 1247 ‚

114 1256 221 1297 mox
238 1257 323 1297 illas
341 1259 515 1297 demum
533 1286 545 1306 ‚
577 1268 670 1309 quae
698 1254 904 1295 memoria
924 1256 1058 1308 dignae
1077 1255 1334 1295 videbantur
1356 1286 1368 1305 ,
1398 1256 1593 1297 ordinare
1612 1257 1787 1309 lingulas
1804 1285 1816 1305 ,

115 1314 325 1369 certist'1ue
347 1312 550 1355 Claffibus
568 1313 754 1354 tribuere
772 1312 1012 1353 adlaboravi
1030 1340 1041 1359 ‚
1064 1320 1111 1351 ut
1127 1325 1390 1366 unaquaeque
1405 1326 1547 1353 earum
1571 1315 1726 1367 absque
1746 1326 1817 1352 ne·

115 1372 238 1426 gotio
257 1373 432 1424 reperiri
454 1374 476 1411 a
495 1371 689 1424 quolibet
708 1368 856 1422 postet,
927 1369 1044 1410 Binas
1086 1369 1230 1422 itaque
1278 1375 1443 1410 turtum
1473 1371 1518 1411 in
1547 1371 1682 1412 Partes
1702 1372 1821 1415 hunc

117 1429 280 1471 {lercium
306 1428 496 1469 {imiliter
521 1429 735 1468 TOMUM
754 1426 947 1468 dissecui:
976 1439 1156 1479 quarum
1181 1427 1299 1465 Prior
1323 1429 1518 1467 Personas
1546 1442 1694 1468 omnes
1720 1428 1820 1484 Dig-

117 1499 186 1528 nas
206 1517 218 1538 ,
250 1499 344 1541 quae
361 1486 408 1528 in
424 1486 606 1527 Familiis
625 1484 756 1539 quaeri
775 1497 867 1524 non
885 1484 1021 1524 solent
1038 1511 1051 1532 ,
1078 1483 1292 1524 Posterior
1312 1483 1417 1537 ipsas
1434 1484 1605 1527 Familias
1624 1486 1819 1527 redhibe-

114 1553 192 1587 ret.

228 1659 390 1703 Idcirco
423 1658 537 1701 Parti
554 1657 645 1699 J—mz.
672 1659 823 1701 Libros
853 1659 962 1702 duos
995 1656 1192 1714 affignavi
1211 1688 1223 1708 ‚
1251 1657 1382 1714 inque
1424 1657 1554 1700 Primo
1585 1658 1770 1701 recensui
1797 1659 1821 1701 ὲ

114 1719 282 1774 Chattis
318 1718 471 1762 nostris
497 1719 693 1760 Personas
717 1718 988 1760 Eccleflastica
1006 1718 1226 1772 Dignitate
1253 1717 1523 1771 conspicuas:
1555 1716 1694 1758 Altero
1724 1730 1789 1757 eas
1807 1746 1820 1765 ,

112 1792 207 1833 quae
240 1777 422 1819 Politico
440 1776 628 1829 Imperio
647 1807 659 1826 ,
686 1778 772 1817 five
802 1776 1047 1829 Magistratu
1068 1806 1079 1825 ,
1102 1774 1240 1830 eoque
1259 1776 1430 1830 publico
1449 1804 1461 1824 ‚
1486 1774 1591 1817 olim
1617 1774 1822 1821 effulsere.

114 1833 359 1890 Utrumque
396 1834 573 1874 Librum
616 1833 912 1883 Seciionibus,
943 1835 1102 1887 hasque
1137 1836 1303 1875 rursum
1334 1833 1604 1888 Par-agraphis
1640 1833 1824 1888 partitus

115 1897 220 1935 sum.
279 1892 390 1933 Parti
413 1887 534 1941 Il.d2·‚
573 1905 668 1946 quae
695 1890 883 1933 Familias
921 1892 1115 1933 continet
1135 1922 1148 1941 ,
1181 1892 1364 1933 totidem
1405 1891 1615 1932 Seffiones
1650 1891 1823 1942 indidi,

116 1960 227 2006 quot
246 1950 471 2005 Alphabeti
490 1952 586 1991 sunt
608 1950 767 1991 literae:
795 1949 1001 2003 liquidem
1025 1949 1111 1990 illas
1136 1950 1285 1990 ordine
1312 1949 1636 2003 Cognominum
1667 1951 1824 2003 Alpha-

115 2009 257 2050 betico
277 2040 288 2059 ‚
319 2009 364 2049 in
384 2021 550 2048 morem
569 2008 710 2049 Lexici
725 2038 737 2059 ‚
770 2008 969 2049 exhibere
990 2007 1236 2049 LeStoribus
1258 2007 1438 2049 decrevi.
1497 2009 1630 2048 Porro
1651 2009 1749 2049 cum
1776 2007 1823 2047 in

117 2067 289 2120 fingulis
307 2066 486 2107 Familiis
504 2065 701 2107 ordinem
724 2066 1093 2119 Chronologicum
1114 2067 1255 2107 exacre
1279 2068 1498 2106 observem
1523 2095 1535 2115 ‚
1565 2079 1617 2105 ne
1630 2065 1823 2105 Patribus

116 2124 205 2176 Filii
226 2128 294 2166 vel
314 2126 506 2179 Nepotes
529 2125 755 2179 aliquando
777 2124 1033 2164 inconcinne
1057 2132 1255 2164 anteeant
1274 2153 1285 2172 ,
1315 2123 1387 2163 nili
1418 2123 1542 2163 variae
1564 2123 1689 2163 unius
1709 2124 1824 2163 Gen-

115 2183 170 2225 tis
190 2183 326 2224 Lineae
357 2183 475 2224 aliter
496 2183 757 2235 postularent
779 2192 788 2220 ι
817 2180 863 2220 in
890 2177 1092 2220 Claffibus
1113 2189 1255 2221 tamen
1279 2180 1409 2221 Partis
1432 2181 1520 2219 13⁷²ss-
1550 2180 1726 2220 Varium
1752 2194 1823 2220 or-

117 2241 290 2289 dinem,
319 2240 394 2294 qui
428 2239 661 2292 unicuique
686 2238 846 2294 aequius
872 2251 1107 2291 congruere
1150 2238 1262 2278 visus
1291 2239 1374 2286 est,
1403 2237 1590 2279 adhibui.
1645 2238 1824 2290 Optime

120 2298 316 2339 omnium
334 2310 424 2338 rem
442 2299 702 2350 exsplicuero
720 2327 733 2347 ,
761 2298 788 2337 fi
812 2296 940 2349 ipsam
958 2293 1137 2336 Tabulam
1156 2296 1342 2349 priorem
1360 2297 1507 2336 TOMI
1525 2294 1650 2349 hujus
1670 2297 1739 2336 hic
1749 2309 1822 2349 ap-

121 2356 338 2409 posuerim
357 2386 369 2405 ,
407 2355 651 2396 Sec‘tionum
682 2353 879 2395 omnium
898 2382 909 2402 ,
946 2351 1137 2411 itemque
1167 2356 1531 2409 Paragraphorum
1562 2357 1822 2408 Argumenta

119 2416 177 2454 ob
199 2416 345 2455 oculos
363 2423 599 2469 ponentem
618 2442 631 2463 ‚
661 2413 726 2455 uti
746 2412 953 2468 sequitur.

641 2559 1104 2662 PARS
1205 2559 1268 2659 Ι.

121 2718 372 2787 LIBER
425 2721 469 2787 Ι.
524 2723 629 2788 De
681 2721 954 2787 Personis
1036 2717 1440 2787 Ecclefiastica
1503 2720 1824 2806 Dignitate

809 2805 1130 2875 fulgentibus,

125 2961 404 3060 SECTIOJ:
434 2966 852 3034 Summi-Pontifices
877 2969 1069 3034 Romani.
1093 2968 1127 3024 ξ.
1160 2981 1194 3010 1.
1221 2970 1449 3035 Pontifices
1473 2967 1603 3033 Seculi
1637 2966 1751 3008 XIII.
1784 2977 1824 3005 2.

242 3023 466 3086 Pontifices
488 3028 621 3068 Secuh
640 3030 760 3072 XIV.
794 3040 830 3079 3.
857 3027 1085 3070 Pontifices
1103 3030 1236 3070 Secuh
1252 3030 1350 3071 XV.
1391 3039 1434 3084 4.
1461 3027 1686 3070 Pontifices
1701 3025 1824 3065 Secu-

239 3081 270 3120 h
294 3082 411 3125 XVI.
440 3085 479 3127 ὅτ
499 3086 689 3131 XVII—mi.

951 3173 985 3214 F
1628 3170 1825 3214 SECTIO
