2122 3507
771 104 916 154 Qut<
941 118 966 145 0
987 105 1131 156 Ἂὲἓὲὓέ
1755 124 1805 162 27

99 189 378 234 Celeberrimi
444 189 663 245 quondam
720 189 1002 231 Parthenonis
1058 189 1338 233 cisterciensis
1392 191 1443 233 ad
1487 192 1526 234 S.
1577 191 1803 238 Nicolaum

208 249 385 290 Viennae
418 258 537 290 extra
565 250 736 289 Portam
765 249 1006 290 Scotensem
1034 249 1223 290 Historia
1250 249 1491 296 discutitur.
1566 253 1674 293 Item
1711 256 1805 295 Par-

207 307 410 349 thenonis
438 308 558 361 aeque
585 306 690 347 olim
720 306 853 348 nostri
882 310 932 348 ad
970 310 1007 348 S.
1036 308 1242 361 Spiritum
1277 308 1323 348 in
1352 310 1502 350 Ybbsa.
1576 312 1684 351 Item
1717 320 1805 352 ter·

204 366 251 420 tij
282 368 331 407 ad
358 368 395 405 S.
431 366 700 406 Bernardum.
770 367 877 406 Item
907 368 1126 420 quondam
1152 366 1409 408 Monialium
1441 370 1491 409 ad
1519 369 1556 409 S.
1584 370 1803 424 Hierony-

205 437 328 465 mum
365 423 554 465 Viennae.

93 513 348 569 Disquifitio
366 544 378 564 ,
411 515 558 555 utrum
592 514 757 555 Alaudae
782 513 942 554 fuerint
970 515 1134 568 Insigne
1161 515 1330 555 Veteris
1361 515 1577 559 Austriae?
1613 518 1721 558 Item
1747 517 1799 558 de

207 572 354 613 Titulo
383 570 644 612 Archiducis.

92 650 318 692 Illustratio
357 651 496 691 caudae
532 650 716 691 Pavonis
739 681 752 701 ,
789 652 892 691 olim
938 653 1049 705 apud
1091 652 1407 705 Habspurgicos
1438 654 1613 695 Austriae
1656 656 1797 695 Duces

206 709 343 748 Galeae
374 719 587 750 coronatae
617 709 660 750 in
690 709 838 762 Sigillis
869 711 910 751 ὅ(
937 709 1075 750 Armis
1103 710 1200 750 loco
1230 710 1371 764 Apicis
1398 710 1621 764 impolitae.

92 793 162 835 De
195 793 337 848 Sigillo
360 795 505 835 Tulnae
535 794 659 836 Urbis
690 796 936 837 Criteriurn.

89 871 528 971 AnntguzPiscatoris
559 874 805 916 Pontificius
825 905 838 925 ‚
873 874 966 916 visu
992 873 1219 915 rariffimus
1252 904 1263 924 ,
1294 888 1347 916 ex
1386 875 1593 929 Originali
1621 879 1758 932 pietus
1782 910 1794 933 ‚

229 943 243 955 r
307 931 522 984 escriptus.

86 1009 289 1050 DDtorum.
322 1010 373 1049 de
405 1006 556 1065 Arberg
602 1009 770 1050 Familia
808 1012 884 1051 sub
927 1011 1057 1051 finem
1093 1009 1228 1051 Seculi
1266 1011 1384 1052 XIV.
1413 1025 1503 1066 quo
1535 1027 1626 1054 eam
1657 1015 1797 1057 Lazius

199 1064 243 1104 in
276 1066 485 1108 Austriam
514 1065 722 1108 advenisse
754 1069 927 1110 tradidit
946 1100 957 1119 ‚
987 1070 1056 1110 hic
1082 1069 1166 1109 loci
1195 1067 1274 1122 jam
1295 1070 1484 1111 defeciffe
1518 1073 1754 1113 ostenditur
1783 1103 1796 1123 ‚

200 1123 240 1163 &
266 1123 341 1177 qui
371 1124 568 1181 deinceps
593 1125 881 1174 innotuerunt
913 1124 1112 1184 Arbergici
1133 1156 1146 1177 ,
1184 1126 1359 1181 penitus
1391 1129 1522 1170 aliena
1556 1130 1695 1186 Stirpe
1729 1132 1796 1171 fu-

203 1190 342 1223 erunt.

83 1272 287 1313 Duorum.
319 1270 545 1312 Comitum
587 1269 633 1314 de
674 1270 863 1314 Hardeck
900 1271 1103 1324 primaeva
1140 1271 1180 1312 ὅτ
1218 1272 1495 1315 vetustislima
1525 1274 1657 1329 stirps
1706 1291 1797 1320 non

196 1329 279 1370 fuit
310 1330 494 1371 extinaa
522 1330 568 1369 in
600 1329 744 1370 Ottone
782 1330 822 1370 &
855 1328 1057 1370 Chunrado
1087 1329 1300 1370 Fratribus
1324 1360 1337 1380 ‚
1382 1334 1449 1373 sed
1491 1333 1588 1386 post
1623 1347 1695 1374 eos
1732 1338 1797 1377 su-

197 1387 354 1440 perstes
392 1396 481 1428 erat
518 1387 718 1427 Henricus
741 1417 754 1437 ‚
786 1386 891 1428 nulli
934 1388 1135 1427 hactenus
1171 1389 1520 1443 Genealogorum
1558 1391 1756 1444 cognitus
1783 1425 1796 1445 s

197 1447 220 1484 a
247 1445 371 1484 nobis
397 1444 557 1485 invicte
585 1442 770 1485 affertuS.

82 1533 309 1634 &mii-lma
332 1537 502 1633 {ornus
534 1529 833 1583 Liecbtensteinia
863 1531 916 1572 de
946 1529 1203 1586 Nicolspurg
1233 1544 1324 1572 non
1358 1533 1382 1575 a
1409 1533 1689 1588 Chunringiis
1726 1537 1796 1577 de-

229 1607 335 1634 UCCss
367 1607 401 1633 a·

76 1682 148 1727 De
182 1683 391 1782 PCaltf-amo
435 1683 630 1724 Vatzone
679 1681 865 1724 Consule
906 1679 1136 1725 Viennensi
1164 1712 1178 1734 ,
1220 1680 1393 1740 eiusque
1435 1684 1543 1728 Filio
1581 1684 1796 1740 Rudigero

233 1755 266 1782 ri
286 1755 334 1784 1s.

76 1830 132 1873 In
162 1830 375 1885 Catalogis
416 1830 624 1879 Lazianis‚
664 1831 705 1873 &
744 1830 908 1872 Codice
947 1829 1166 1872 Austriaco
1235 1831 1492 1873 Nobiliffimi
1533 1831 1714 1873 Domini
1751 1829 1797 1874 de

194 1887 385 1942 Quarient
405 1919 417 1940 ,
448 1888 670 1943 supplendi
702 1897 891 1943 quatuor
918 1890 1147 1940 Consule3‚
1166 1903 1213 1931 ac
1239 1891 1423 1932 totidem
1442 1893 1645 1932 Praetores
1661 1890 1795 1932 Vien-

193 1949 338 1989 nenses
357 1978 368 1997 ,
400 1960 497 1989 eum
525 1961 616 1988 uno
644 1948 843 1988 Praefecto
869 1948 1058 1988 Senatus.

81 2040 194 2081 ΒΑΜ·
226 2044 579 2085 MARGARETAE
625 2046 919 2086 Romanorum
960 2045 1001 2086 &
1049 2045 1344 2085 Bohemorum
1375 2044 1541 2099 Reginae
1565 2075 1577 2094 ‚
1614 2045 1794 2088 Ducissae

194 2101 371 2143 Austriae
398 2117 444 2143 ac
476 2102 610 2143 Stiriae
634 2133 646 2152 ,
686 2103 796 2144 Filiae
836 2102 1090 2143 Fundatoris
1120 2102 1253 2144 nostri
1273 2133 1285 2153 ‚
1324 2103 1513 2145 Historia
1541 2103 1700 2145 Critice
1726 2105 1793 2146 in-

196 2158 350 2214 quifita
367 2189 381 2210 ,
412 2161 453 2204 &
472 2163 494 2202 a
521 2160 892 2202 criminationibus
919 2158 1145 2201 vindicata.

81 2320 245 2419 HAEc
277 2321 450 2363 interim
485 2322 662 2376 paucula
694 2322 745 2363 de
784 2319 979 2376 plurimis
1009 2319 1228 2361 sufficiant.
1303 2319 1504 2374 Recensum
1533 2335 1667 2376 porro
1697 2323 1793 2364 fini-

200 2389 295 2420 tum
338 2380 383 2421 in
426 2383 533 2422 calce
572 2378 698 2433 hujus
734 2375 836 2420 ‘Tomi
881 2380 1019 2420 adhuc
1058 2378 1282 2433 excipiunt
1323 2378 1553 2432 Appendices
1598 2381 1793 2435 geminae.

77 2438 201 2479 Prior
227 2438 402 2479 exhibet
433 2438 695 2479 splonumenta
725 2437 866 2479 nostra
896 2435 1148 2491 Sepulchralia
1187 2436 1318 2478 hodie
1356 2437 1586 2479 exstantia:
1614 2439 1793 2481 Posteri-

79 2510 132 2536 or
170 2495 362 2550 Excerpta
399 2495 616 2554 Necrologij
645 2495 747 2537 sistit
773 2526 785 2546 ,
823 2495 982 2537 reseffls
1024 2494 1249 2536 inutilibus
1287 2495 1520 2546 omnibus,
1551 2497 1592 2538 ὅτ
1631 2497 1791 2539 omiffis

83 2553 266 2595 Familiis
287 2584 298 2601 ,
330 2554 376 2595 in
405 2553 571 2609 Recensu
592 2553 672 2605 iam
700 2554 826 2595 leritis.
882 2555 935 2595 Et
963 2552 1227 2595 Monumenta
1255 2554 1430 2608 quidem
1460 2554 1600 2597 nostra
1629 2555 1791 2597 studio-

80 2613 125 2652 se
156 2625 332 2666 quoque
363 2615 385 2654 a
422 2626 491 2654 me
527 2612 729 2654 illustrata
764 2615 896 2653 sunt:
933 2613 1054 2667 quod
1084 2611 1129 2652 in
1158 2607 1377 2668 lVecrologij
1407 2613 1627 2669 Excerptis
1646 2643 1660 2663 ‚
1691 2615 1790 2656 cum

85 2682 225 2723 operae
255 2670 444 2725 pretium
473 2673 587 2713 haud
617 2670 712 2712 satis
740 2671 959 2713 videretur
977 2701 989 2721 ‚
1020 2669 1186 2725 parcitis
1214 2670 1371 2711 fastum
1402 2670 1471 2712 est·

194 2794 323 2835 Forte
353 2794 460 2836 vero
499 2793 579 2845 jam
610 2802 732 2835 aveat
763 2793 914 2834 Lector
941 2794 1143 2835 Eruditus
1170 2792 1314 2834 audire
1348 2806 1402 2834 ex
1430 2807 1498 2834 me
1527 2824 1540 2845 ,
1572 2806 1700 2849 quam
1730 2790 1790 2831 ei·

87 2850 184 2891 dem
214 2853 412 2904 pollicear
441 2856 558 2906 spem
595 2854 646 2893 de
691 2851 950 2906 perfeetione
980 2852 1199 2894 Fastorum
1229 2851 1476 2893 nostrorum
1496 2882 1508 2901 ‚
1546 2853 1586 2894 ἅ*
1617 2864 1709 2905 quae
1740 2849 1787 2890 in

86 2916 284 2961 tempora
332 2913 471 2953 lucem
519 2911 692 2952 illorum
728 2910 943 2965 publicam
982 2908 1214 2964 affignem?
1249 2909 1437 2964 Idipsum
1465 2910 1570 2951 vero
1599 2923 1651 2949 ne
1678 2906 1788 2947 mihi

88 2964 262 3019 quidem
302 2970 500 3011 harstenus
543 2969 695 3023 liquet.
783 2970 881 3009 Hoc
926 2969 1165 3022 profiteor,
1209 2969 1237 3009 fi
1274 2967 1589 3022 benigniffimus
1618 2966 1786 3005 DEUS

90 3024 226 3064 vitam
269 3026 374 3067 mihi
414 3029 454 3070 δε
491 3027 741 3074 sanitatem,
768 3035 897 3080 atque
938 3028 1085 3068 Charae
1118 3026 1293 3076 Patriae,
1330 3027 1494 3080 ipfique
1540 3022 1783 3077 Campililio

90 3081 236 3136 quieta
292 3092 487 3139 tempora
517 3085 735 3128 indulserit
758 3116 772 3137 ‚
798 3098 866 3127 me
897 3085 1071 3137 Operi,
1099 3085 1168 3128 cui
1200 3098 1270 3126 me
1300 3084 1395 3126 alias
1424 3081 1678 3125 Obedientia
1717 3082 1786 3121 Sa-

908 3144 948 3182 G
978 3155 1003 3182 2
1717 3152 1787 3181 cra
