<?xml version="1.0" encoding="UTF-8"?>
<!DOCTYPE html PUBLIC "-//W3C//DTD XHTML 1.0 Transitional//EN"
    "http://www.w3.org/TR/xhtml1/DTD/xhtml1-transitional.dtd">
<html xmlns="http://www.w3.org/1999/xhtml" xml:lang="en" lang="en">
 <head>
  <title>
</title>
<meta http-equiv="Content-Type" content="text/html;charset=utf-8" />
  <meta name='ocr-system' content='tesseract 3.04.00' />
  <meta name='ocr-capabilities' content='ocr_page ocr_carea ocr_par ocr_line ocrx_word'/>
</head>
<body>
  <div class='ocr_page' id='page_1' title='image "./quinquagenasymbo00hant_0022.png"; bbox 0 0 2122 3507; ppageno 0'>
   <div class='ocr_carea' id='block_1_1' title="bbox 178 156 1921 2182">
    <p class='ocr_par' dir='ltr' id='par_1_1' title="bbox 178 156 1921 2182">
     <span class='ocr_line' id='line_1_1' title="bbox 186 156 1898 262; baseline -0.008 -24"><span class='ocrx_word' id='word_1_1' title='bbox 186 187 434 262; x_wconf 86' lang='lat' dir='ltr'><strong>putent.</strong></span> <span class='ocrx_word' id='word_1_2' title='bbox 529 166 623 230; x_wconf 86' lang='lat' dir='ltr'><strong>Ita</strong></span> <span class='ocrx_word' id='word_1_3' title='bbox 652 182 709 226; x_wconf 84' lang='lat' dir='ltr'><strong>v.</strong></span> <span class='ocrx_word' id='word_1_4' title='bbox 749 179 800 226; x_wconf 87' lang='lat' dir='ltr'><strong>c.</strong></span> <span class='ocrx_word' id='word_1_5' title='bbox 851 156 1119 224; x_wconf 56' lang='lat' dir='ltr'><strong>Obsidio</strong></span> <span class='ocrx_word' id='word_1_6' title='bbox 1159 157 1228 226; x_wconf 69' lang='lat' dir='ltr'><strong>&lt;Sc</strong></span> <span class='ocrx_word' id='word_1_7' title='bbox 1263 156 1600 224; x_wconf 88' lang='lat' dir='ltr'><strong>Eliberatio</strong></span> <span class='ocrx_word' id='word_1_8' title='bbox 1636 159 1898 226; x_wconf 80' lang='lat' dir='ltr'><strong>Viennae</strong></span> 
     </span>
     <span class='ocr_line' id='line_1_2' title="bbox 187 247 1902 349; baseline -0.008 -23"><span class='ocrx_word' id='word_1_9' title='bbox 187 261 424 349; x_wconf 79' lang='lat' dir='ltr'><strong>priora</strong></span> <span class='ocrx_word' id='word_1_10' title='bbox 464 253 686 319; x_wconf 85' lang='lat' dir='ltr'><strong>Turcis</strong></span> <span class='ocrx_word' id='word_1_11' title='bbox 721 248 799 312; x_wconf 92' lang='lat' dir='ltr'><strong>de</strong></span> <span class='ocrx_word' id='word_1_12' title='bbox 838 249 1035 313; x_wconf 88' lang='lat' dir='ltr'><strong>Anno</strong></span> <span class='ocrx_word' id='word_1_13' title='bbox 1075 247 1448 312; x_wconf 88' lang='lat' dir='ltr'><strong>MDXXIX.</strong></span> <span class='ocrx_word' id='word_1_14' title='bbox 1502 249 1653 312; x_wconf 90' lang='lat' dir='ltr'><strong>item</strong></span> <span class='ocrx_word' id='word_1_15' title='bbox 1696 247 1902 333; x_wconf 87' lang='lat' dir='ltr'><strong>poste-</strong></span> 
     </span>
     <span class='ocr_line' id='line_1_3' title="bbox 187 335 1902 419; baseline -0.008 -6"><span class='ocrx_word' id='word_1_16' title='bbox 187 353 315 417; x_wconf 87' lang='lat' dir='ltr'><strong>rior</strong></span> <span class='ocrx_word' id='word_1_17' title='bbox 355 346 432 409; x_wconf 92' lang='lat' dir='ltr'><strong>de</strong></span> <span class='ocrx_word' id='word_1_18' title='bbox 469 344 664 407; x_wconf 86' lang='lat' dir='ltr'><strong>Anno</strong></span> <span class='ocrx_word' id='word_1_19' title='bbox 708 335 1261 402; x_wconf 90' lang='lat' dir='ltr'><strong>MDCLXXXIII.</strong></span> <span class='ocrx_word' id='word_1_20' title='bbox 1300 336 1521 401; x_wconf 83' lang='lat' dir='ltr'><strong>millies</strong></span> <span class='ocrx_word' id='word_1_21' title='bbox 1558 336 1727 419; x_wconf 89' lang='lat' dir='ltr'><strong>apud</strong></span> <span class='ocrx_word' id='word_1_22' title='bbox 1768 339 1902 402; x_wconf 84' lang='lat' dir='ltr'><strong>Au-</strong></span> 
     </span>
     <span class='ocr_line' id='line_1_4' title="bbox 186 423 1903 505; baseline -0.009 -3"><span class='ocrx_word' id='word_1_23' title='bbox 186 437 435 502; x_wconf 84' lang='lat' dir='ltr'><strong>striacos</strong></span> <span class='ocrx_word' id='word_1_24' title='bbox 462 426 706 492; x_wconf 88' lang='lat' dir='ltr'><strong>nostros</strong></span> <span class='ocrx_word' id='word_1_25' title='bbox 730 427 795 490; x_wconf 87' lang='lat' dir='ltr'><strong>in</strong></span> <span class='ocrx_word' id='word_1_26' title='bbox 829 445 936 504; x_wconf 90' lang='lat' dir='ltr'><strong>OS,</strong></span> <span class='ocrx_word' id='word_1_27' title='bbox 985 423 1055 490; x_wconf 64' lang='grc' dir='ltr'><strong><em>ἃ</em></strong></span> <span class='ocrx_word' id='word_1_28' title='bbox 1089 423 1401 490; x_wconf 86' lang='lat' dir='ltr'><strong>calculum</strong></span> <span class='ocrx_word' id='word_1_29' title='bbox 1432 425 1636 505; x_wconf 83' lang='lat' dir='ltr'><strong>venit,</strong></span> <span class='ocrx_word' id='word_1_30' title='bbox 1685 425 1795 487; x_wconf 87' lang='lat' dir='ltr'><strong>ubi</strong></span> <span class='ocrx_word' id='word_1_31' title='bbox 1823 424 1903 488; x_wconf 93' lang='lat' dir='ltr'><strong>de</strong></span> 
     </span>
     <span class='ocr_line' id='line_1_5' title="bbox 178 510 1905 597; baseline -0.009 -7"><span class='ocrx_word' id='word_1_32' title='bbox 178 539 355 590; x_wconf 80' lang='lat' dir='ltr'><strong>aetate</strong></span> <span class='ocrx_word' id='word_1_33' title='bbox 425 514 748 581; x_wconf 79' lang='lat' dir='ltr'><strong>disseritur.</strong></span> <span class='ocrx_word' id='word_1_34' title='bbox 868 511 1299 577; x_wconf 87' lang='lat' dir='ltr'><strong>Pariformiter</strong></span> <span class='ocrx_word' id='word_1_35' title='bbox 1360 516 1571 597; x_wconf 89' lang='lat' dir='ltr'><strong>itaque</strong></span> <span class='ocrx_word' id='word_1_36' title='bbox 1643 510 1711 578; x_wconf 69' lang='grc' dir='ltr'><strong>δε</strong></span> <span class='ocrx_word' id='word_1_37' title='bbox 1785 530 1905 576; x_wconf 86' lang='lat' dir='ltr'><strong>nos</strong></span> 
     </span>
     <span class='ocr_line' id='line_1_6' title="bbox 184 597 1909 694; baseline -0.007 -18"><span class='ocrx_word' id='word_1_38' title='bbox 184 605 489 694; x_wconf 84' lang='lat' dir='ltr'><strong>Symbolo</strong></span> <span class='ocrx_word' id='word_1_39' title='bbox 522 602 739 668; x_wconf 92' lang='lat' dir='ltr'><strong>nostro</strong></span> <span class='ocrx_word' id='word_1_40' title='bbox 777 601 1009 666; x_wconf 88' lang='lat' dir='ltr'><strong>ultimo</strong></span> <span class='ocrx_word' id='word_1_41' title='bbox 1058 601 1127 665; x_wconf 90' lang='lat' dir='ltr'><strong>L.</strong></span> <span class='ocrx_word' id='word_1_42' title='bbox 1171 602 1403 686; x_wconf 83' lang='lat' dir='ltr'>triplex</span> <span class='ocrx_word' id='word_1_43' title='bbox 1452 597 1859 685; x_wconf 84' lang='lat' dir='ltr'><strong>expreffimus</strong></span> <span class='ocrx_word' id='word_1_44' title='bbox 1887 649 1909 679; x_wconf 93' lang='lat'><strong>,</strong></span> 
     </span>
     <span class='ocr_line' id='line_1_7' title="bbox 182 689 1909 778; baseline -0.006 -16"><span class='ocrx_word' id='word_1_45' title='bbox 182 694 754 778; x_wconf 83' lang='lat' dir='ltr'><strong>Monogrammatis</strong></span> <span class='ocrx_word' id='word_1_46' title='bbox 816 692 882 754; x_wconf 91' lang='lat' dir='ltr'><strong>in</strong></span> <span class='ocrx_word' id='word_1_47' title='bbox 944 710 1191 754; x_wconf 90' lang='lat' dir='ltr'><strong>morem</strong></span> <span class='ocrx_word' id='word_1_48' title='bbox 1251 689 1363 754; x_wconf 88' lang='lat' dir='ltr'><strong>fibi</strong></span> <span class='ocrx_word' id='word_1_49' title='bbox 1413 691 1683 753; x_wconf 86' lang='lat' dir='ltr'><strong>invicem</strong></span> <span class='ocrx_word' id='word_1_50' title='bbox 1732 691 1909 752; x_wconf 88' lang='lat' dir='ltr'><strong>inne-</strong></span> 
     </span>
     <span class='ocr_line' id='line_1_8' title="bbox 183 777 1907 868; baseline -0.006 -17"><span class='ocrx_word' id='word_1_51' title='bbox 183 806 371 865; x_wconf 85' lang='lat' dir='ltr'><strong>xum,</strong></span> <span class='ocrx_word' id='word_1_52' title='bbox 421 783 902 868; x_wconf 77' lang='lat' dir='ltr'><strong>Qiinquagenae</strong></span> <span class='ocrx_word' id='word_1_53' title='bbox 930 778 1224 864; x_wconf 85' lang='lat' dir='ltr'><strong>triplicis,</strong></span> <span class='ocrx_word' id='word_1_54' title='bbox 1273 799 1400 863; x_wconf 86' lang='lat' dir='ltr'><strong>qua</strong></span> <span class='ocrx_word' id='word_1_55' title='bbox 1435 778 1619 842; x_wconf 88' lang='lat' dir='ltr'><strong>nobis</strong></span> <span class='ocrx_word' id='word_1_56' title='bbox 1656 777 1907 841; x_wconf 88' lang='lat' dir='ltr'><strong>inclare-</strong></span> 
     </span>
     <span class='ocr_line' id='line_1_9' title="bbox 186 866 1909 953; baseline -0.007 -13"><span class='ocrx_word' id='word_1_57' title='bbox 186 873 295 939; x_wconf 81' lang='lat' dir='ltr'><strong>1cis</strong></span> <span class='ocrx_word' id='word_1_58' title='bbox 321 924 338 953; x_wconf 92' lang='lat'><strong>,</strong></span> <span class='ocrx_word' id='word_1_59' title='bbox 388 871 661 936; x_wconf 88' lang='lat' dir='ltr'><strong>indicem</strong></span> <span class='ocrx_word' id='word_1_60' title='bbox 721 868 998 933; x_wconf 89' lang='lat' dir='ltr'><strong>Literam</strong></span> <span class='ocrx_word' id='word_1_61' title='bbox 1061 867 1433 931; x_wconf 79' lang='lat' dir='ltr'><strong>triformem.</strong></span> <span class='ocrx_word' id='word_1_62' title='bbox 1551 867 1672 940; x_wconf 92' lang='lat' dir='ltr'><strong>PR</strong></span> <span class='ocrx_word' id='word_1_63' title='bbox 1677 866 1909 941; x_wconf 83' lang='lat' dir='ltr'><strong>AESU-</strong></span> 
     </span>
     <span class='ocr_line' id='line_1_10' title="bbox 183 953 1911 1043; baseline -0.003 -20"><span class='ocrx_word' id='word_1_64' title='bbox 183 963 395 1040; x_wconf 63' lang='grc' dir='ltr'><strong>[ΠΜ</strong></span> <span class='ocrx_word' id='word_1_65' title='bbox 428 960 674 1043; x_wconf 83' lang='lat' dir='ltr'><strong>quippe</strong></span> <span class='ocrx_word' id='word_1_66' title='bbox 705 954 1070 1020; x_wconf 90' lang='lat' dir='ltr'><strong>nostrorum</strong></span> <span class='ocrx_word' id='word_1_67' title='bbox 1107 956 1211 1019; x_wconf 93' lang='lat' dir='ltr'><strong>Tu</strong></span> <span class='ocrx_word' id='word_1_68' title='bbox 1261 953 1911 1042; x_wconf 71' lang='lat' dir='ltr'>QUINQUAGESI-</span> 
     </span>
     <span class='ocr_line' id='line_1_11' title="bbox 186 1040 1914 1130; baseline -0.008 -11"><span class='ocrx_word' id='word_1_69' title='bbox 186 1052 401 1130; x_wconf 86' lang='lat' dir='ltr'><strong>MUS,</strong></span> <span class='ocrx_word' id='word_1_70' title='bbox 452 1044 927 1111; x_wconf 87' lang='lat' dir='ltr'>PROFESSUS</span> <span class='ocrx_word' id='word_1_71' title='bbox 968 1064 1030 1108; x_wconf 89' lang='lat' dir='ltr'><strong>es</strong></span> <span class='ocrx_word' id='word_1_72' title='bbox 1061 1040 1346 1128; x_wconf 88' lang='lat' dir='ltr'><strong>insuper,</strong></span> <span class='ocrx_word' id='word_1_73' title='bbox 1395 1059 1586 1127; x_wconf 87' lang='lat' dir='ltr'><strong>atque</strong></span> <span class='ocrx_word' id='word_1_74' title='bbox 1613 1043 1914 1108; x_wconf 87' lang='lat' dir='ltr'><strong>SACER-</strong></span> 
     </span>
     <span class='ocr_line' id='line_1_12' title="bbox 185 1128 1916 1218; baseline -0.008 -11"><span class='ocrx_word' id='word_1_75' title='bbox 185 1139 361 1207; x_wconf 84' lang='lat' dir='ltr'><strong>DOS</strong></span> <span class='ocrx_word' id='word_1_76' title='bbox 411 1133 906 1218; x_wconf 88' lang='lat' dir='ltr'><strong>JUBILATUS.</strong></span> <span class='ocrx_word' id='word_1_77' title='bbox 1002 1131 1510 1215; x_wconf 64' lang='lat' dir='ltr'><strong>Monogravmmti</strong></span> <span class='ocrx_word' id='word_1_78' title='bbox 1528 1132 1679 1196; x_wconf 88' lang='lat' dir='ltr'><strong>huic</strong></span> <span class='ocrx_word' id='word_1_79' title='bbox 1705 1128 1916 1215; x_wconf 90' lang='lat' dir='ltr'><strong>super-</strong></span> 
     </span>
     <span class='ocr_line' id='line_1_13' title="bbox 185 1215 1917 1302; baseline -0.006 -8"><span class='ocrx_word' id='word_1_80' title='bbox 185 1228 348 1294; x_wconf 88' lang='lat' dir='ltr'><strong>stant</strong></span> <span class='ocrx_word' id='word_1_81' title='bbox 394 1221 605 1302; x_wconf 66' lang='lat' dir='ltr'><strong>Irlfitla</strong></span> <span class='ocrx_word' id='word_1_82' title='bbox 648 1221 787 1283; x_wconf 88' lang='lat' dir='ltr'><strong>Tua</strong></span> <span class='ocrx_word' id='word_1_83' title='bbox 820 1215 1161 1284; x_wconf 80' lang='lat' dir='ltr'><strong>Praesularis</strong></span> <span class='ocrx_word' id='word_1_84' title='bbox 1189 1271 1207 1300; x_wconf 88' lang='lat'><strong>,</strong></span> <span class='ocrx_word' id='word_1_85' title='bbox 1258 1220 1327 1286; x_wconf 65' lang='grc' dir='ltr'><strong>ἃ,</strong></span> <span class='ocrx_word' id='word_1_86' title='bbox 1365 1218 1725 1286; x_wconf 71' lang='lat' dir='ltr'><strong>Columbula</strong></span> <span class='ocrx_word' id='word_1_87' title='bbox 1756 1220 1917 1283; x_wconf 73' lang='lat' dir='ltr'><strong>Gen-</strong></span> 
     </span>
     <span class='ocr_line' id='line_1_14' title="bbox 185 1303 1916 1389; baseline -0.003 -12"><span class='ocrx_word' id='word_1_88' title='bbox 185 1315 394 1389; x_wconf 72' lang='lat' dir='ltr'><strong>tilitia,</strong></span> <span class='ocrx_word' id='word_1_89' title='bbox 445 1310 592 1371; x_wconf 91' lang='lat' dir='ltr'><strong>hinc</strong></span> <span class='ocrx_word' id='word_1_90' title='bbox 633 1304 877 1370; x_wconf 81' lang='lat' dir='ltr'><strong>&amp;inde</strong></span> <span class='ocrx_word' id='word_1_91' title='bbox 906 1303 1404 1371; x_wconf 86' lang='lat' dir='ltr'><strong>excrescentibus</strong></span> <span class='ocrx_word' id='word_1_92' title='bbox 1444 1307 1636 1372; x_wconf 77' lang='lat' dir='ltr'><strong>Liliis.</strong></span> <span class='ocrx_word' id='word_1_93' title='bbox 1731 1308 1916 1372; x_wconf 87' lang='lat' dir='ltr'><strong>Titu-</strong></span> 
     </span>
     <span class='ocr_line' id='line_1_15' title="bbox 185 1392 1915 1476; baseline -0.003 -10"><span class='ocrx_word' id='word_1_94' title='bbox 185 1401 281 1466; x_wconf 84' lang='lat' dir='ltr'><strong>lus</strong></span> <span class='ocrx_word' id='word_1_95' title='bbox 322 1396 455 1462; x_wconf 91' lang='lat' dir='ltr'><strong>est:</strong></span> <span class='ocrx_word' id='word_1_96' title='bbox 517 1393 885 1458; x_wconf 87' lang='lat' dir='ltr'><strong>EPOCHA</strong></span> <span class='ocrx_word' id='word_1_97' title='bbox 945 1392 1581 1457; x_wconf 84' lang='lat' dir='ltr'><strong>MEMORABILIS.</strong></span> <span class='ocrx_word' id='word_1_98' title='bbox 1641 1396 1731 1476; x_wconf 82' lang='lat' dir='ltr'><strong>(t)</strong></span> <span class='ocrx_word' id='word_1_99' title='bbox 1836 1396 1915 1461; x_wconf 91' lang='lat' dir='ltr'><strong>In</strong></span> 
     </span>
     <span class='ocr_line' id='line_1_16' title="bbox 183 1473 1918 1565; baseline -0.004 -11"><span class='ocrx_word' id='word_1_100' title='bbox 183 1504 362 1555; x_wconf 88' lang='lat' dir='ltr'><strong>tanto</strong></span> <span class='ocrx_word' id='word_1_101' title='bbox 390 1483 694 1547; x_wconf 90' lang='lat' dir='ltr'><strong>nimirum</strong></span> <span class='ocrx_word' id='word_1_102' title='bbox 722 1473 1060 1542; x_wconf 82' lang='lat' dir='ltr'><strong>Praesulum</strong></span> <span class='ocrx_word' id='word_1_103' title='bbox 1088 1478 1455 1543; x_wconf 91' lang='lat' dir='ltr'><strong>nostrorum</strong></span> <span class='ocrx_word' id='word_1_104' title='bbox 1496 1501 1769 1545; x_wconf 92' lang='lat' dir='ltr'><strong>numero</strong></span> <span class='ocrx_word' id='word_1_105' title='bbox 1796 1481 1918 1565; x_wconf 67' lang='lat' dir='ltr'><strong>Ju-</strong></span> 
     </span>
     <span class='ocr_line' id='line_1_17' title="bbox 186 1565 1916 1653; baseline -0.002 -13"><span class='ocrx_word' id='word_1_106' title='bbox 186 1575 406 1643; x_wconf 70' lang='lat' dir='ltr'><strong>bilem</strong></span> <span class='ocrx_word' id='word_1_107' title='bbox 448 1570 749 1633; x_wconf 78' lang='lat' dir='ltr'><strong>duntaxat</strong></span> <span class='ocrx_word' id='word_1_108' title='bbox 795 1586 1003 1630; x_wconf 92' lang='lat' dir='ltr'><strong>unum</strong></span> <span class='ocrx_word' id='word_1_109' title='bbox 1044 1565 1389 1653; x_wconf 64' lang='lat' dir='ltr'><strong>Profcffitm</strong></span> <span class='ocrx_word' id='word_1_110' title='bbox 1413 1617 1431 1648; x_wconf 87' lang='lat'><strong>,</strong></span> <span class='ocrx_word' id='word_1_111' title='bbox 1494 1567 1916 1637; x_wconf 62' lang='lat' dir='ltr'><strong>Reverendiflss</strong></span> 
     </span>
     <span class='ocr_line' id='line_1_18' title="bbox 186 1655 1918 1731; baseline -0.003 -4"><span class='ocrx_word' id='word_1_112' title='bbox 186 1661 481 1729; x_wconf 80' lang='lat' dir='ltr'><strong>videlicet</strong></span> <span class='ocrx_word' id='word_1_113' title='bbox 528 1659 611 1731; x_wconf 91' lang='lat' dir='ltr'><strong>D.</strong></span> <span class='ocrx_word' id='word_1_114' title='bbox 649 1656 1169 1730; x_wconf 86' lang='lat' dir='ltr'>MATHEUM</span> <span class='ocrx_word' id='word_1_115' title='bbox 1220 1655 1345 1718; x_wconf 93' lang='lat' dir='ltr'><strong>hoc</strong></span> <span class='ocrx_word' id='word_1_116' title='bbox 1392 1657 1658 1720; x_wconf 90' lang='lat' dir='ltr'><strong>nomine</strong></span> <span class='ocrx_word' id='word_1_117' title='bbox 1706 1655 1918 1722; x_wconf 65' lang='lat' dir='ltr'><strong>III.‘³⁰¹¹²·</strong></span> 
     </span>
     <span class='ocr_line' id='line_1_19' title="bbox 188 1741 1917 1827; baseline -0.002 -13"><span class='ocrx_word' id='word_1_118' title='bbox 188 1749 442 1819; x_wconf 89' lang='lat' dir='ltr'><strong>nullum</strong></span> <span class='ocrx_word' id='word_1_119' title='bbox 495 1746 646 1810; x_wconf 86' lang='lat' dir='ltr'><strong>vero</strong></span> <span class='ocrx_word' id='word_1_120' title='bbox 708 1743 1084 1808; x_wconf 70' lang='lat' dir='ltr'><strong>Sacerdotem</strong></span> <span class='ocrx_word' id='word_1_121' title='bbox 1134 1741 1450 1827; x_wconf 71' lang='lat' dir='ltr'><strong>Jubileum</strong></span> <span class='ocrx_word' id='word_1_122' title='bbox 1499 1743 1626 1810; x_wconf 86' lang='lat' dir='ltr'><strong>ulla</strong></span> <span class='ocrx_word' id='word_1_123' title='bbox 1677 1745 1917 1811; x_wconf 90' lang='lat' dir='ltr'><strong>Monu-</strong></span> 
     </span>
     <span class='ocr_line' id='line_1_20' title="bbox 188 1830 1919 1919; baseline -0.003 -15"><span class='ocrx_word' id='word_1_124' title='bbox 188 1854 401 1904; x_wconf 86' lang='lat' dir='ltr'><strong>menta</strong></span> <span class='ocrx_word' id='word_1_125' title='bbox 442 1831 651 1899; x_wconf 89' lang='lat' dir='ltr'><strong>nostra</strong></span> <span class='ocrx_word' id='word_1_126' title='bbox 681 1830 1045 1897; x_wconf 88' lang='lat' dir='ltr'><strong>Domestica</strong></span> <span class='ocrx_word' id='word_1_127' title='bbox 1079 1848 1604 1898; x_wconf 86' lang='lat' dir='ltr'><strong>commemorant.</strong></span> <span class='ocrx_word' id='word_1_128' title='bbox 1701 1833 1919 1919; x_wconf 80' lang='lat' dir='ltr'><strong>Qare</strong></span> 
     </span>
     <span class='ocr_line' id='line_1_21' title="bbox 185 1920 1919 2006; baseline -0.003 -15"><span class='ocrx_word' id='word_1_129' title='bbox 185 1927 294 1991; x_wconf 89' lang='lat' dir='ltr'><strong>Tu</strong></span> <span class='ocrx_word' id='word_1_130' title='bbox 336 1926 522 1990; x_wconf 89' lang='lat' dir='ltr'><strong>Unus</strong></span> <span class='ocrx_word' id='word_1_131' title='bbox 573 1923 638 1985; x_wconf 91' lang='lat' dir='ltr'><strong>in</strong></span> <span class='ocrx_word' id='word_1_132' title='bbox 674 1920 972 1985; x_wconf 89' lang='lat' dir='ltr'><strong>omnibus</strong></span> <span class='ocrx_word' id='word_1_133' title='bbox 1013 1921 1129 1985; x_wconf 91' lang='lat' dir='ltr'><strong>hac</strong></span> <span class='ocrx_word' id='word_1_134' title='bbox 1167 1921 1387 1986; x_wconf 84' lang='lat' dir='ltr'><strong>Gloria</strong></span> <span class='ocrx_word' id='word_1_135' title='bbox 1429 1921 1763 2006; x_wconf 84' lang='lat' dir='ltr'><strong>hucusque</strong></span> <span class='ocrx_word' id='word_1_136' title='bbox 1793 1925 1919 1987; x_wconf 85' lang='lat' dir='ltr'><strong>exi-</strong></span> 
     </span>
     <span class='ocr_line' id='line_1_22' title="bbox 190 2009 1921 2096; baseline -0.002 -17"><span class='ocrx_word' id='word_1_137' title='bbox 190 2013 324 2079; x_wconf 88' lang='lat' dir='ltr'><strong>stis:</strong></span> <span class='ocrx_word' id='word_1_138' title='bbox 376 2033 445 2076; x_wconf 89' lang='lat' dir='ltr'><strong>ac</strong></span> <span class='ocrx_word' id='word_1_139' title='bbox 473 2009 743 2096; x_wconf 83' lang='lat' dir='ltr'><strong>proinde</strong></span> <span class='ocrx_word' id='word_1_140' title='bbox 768 2010 1021 2093; x_wconf 85' lang='lat' dir='ltr'><strong>penitus</strong></span> <span class='ocrx_word' id='word_1_141' title='bbox 1063 2009 1311 2072; x_wconf 76' lang='lat' dir='ltr'><strong>Novam</strong></span> <span class='ocrx_word' id='word_1_142' title='bbox 1349 2009 1716 2096; x_wconf 84' lang='lat' dir='ltr'><strong>Campililio</strong></span> <span class='ocrx_word' id='word_1_143' title='bbox 1748 2010 1921 2092; x_wconf 72' lang='lat' dir='ltr'><strong>Tuo,</strong></span> 
     </span>
     <span class='ocr_line' id='line_1_23' title="bbox 186 2095 1528 2182; baseline -0.003 -14"><span class='ocrx_word' id='word_1_144' title='bbox 186 2102 258 2170; x_wconf 65' lang='grc' dir='ltr'>ἃ</span> <span class='ocrx_word' id='word_1_145' title='bbox 285 2098 422 2165; x_wconf 81' lang='lat' dir='ltr'><strong>sane</strong></span> <span class='ocrx_word' id='word_1_146' title='bbox 456 2095 911 2165; x_wconf 69' lang='lat' dir='ltr'><strong>Memorabilem</strong></span> <span class='ocrx_word' id='word_1_147' title='bbox 947 2096 1246 2182; x_wconf 74' lang='lat' dir='ltr'><strong>Epocham</strong></span> <span class='ocrx_word' id='word_1_148' title='bbox 1285 2097 1528 2164; x_wconf 80' lang='lat' dir='ltr'><strong>condis,-</strong></span> 
     </span>
    </p>
   </div>
   <div class='ocr_carea' id='block_1_2' title="bbox 190 2233 1922 3189">
    <p class='ocr_par' dir='ltr' id='par_1_2' title="bbox 297 2233 1920 2321">
     <span class='ocr_line' id='line_1_24' title="bbox 297 2233 1920 2321; baseline -0.001 -18"><span class='ocrx_word' id='word_1_149' title='bbox 297 2234 702 2321; x_wconf 70' lang='lat' dir='ltr'><strong>Optass&#39;emus</strong></span> <span class='ocrx_word' id='word_1_150' title='bbox 741 2233 1040 2318; x_wconf 87' lang='lat' dir='ltr'><strong>equidem</strong></span> <span class='ocrx_word' id='word_1_151' title='bbox 1073 2235 1540 2320; x_wconf 78' lang='lat' dir='ltr'><strong>maximopere,</strong></span> <span class='ocrx_word' id='word_1_152' title='bbox 1588 2236 1717 2320; x_wconf 87' lang='lat' dir='ltr'><strong>jam</strong></span> <span class='ocrx_word' id='word_1_153' title='bbox 1745 2256 1920 2301; x_wconf 90' lang='lat' dir='ltr'><strong>nunc</strong></span> 
     </span>
    </p>

    <p class='ocr_par' dir='ltr' id='par_1_3' title="bbox 190 2318 1922 3189">
     <span class='ocr_line' id='line_1_25' title="bbox 197 2318 1919 2410; baseline -0.002 -19"><span class='ocrx_word' id='word_1_154' title='bbox 197 2327 263 2392; x_wconf 89' lang='lat' dir='ltr'><strong>in</strong></span> <span class='ocrx_word' id='word_1_155' title='bbox 314 2325 523 2388; x_wconf 89' lang='lat' dir='ltr'><strong>lucem</strong></span> <span class='ocrx_word' id='word_1_156' title='bbox 583 2318 804 2385; x_wconf 87' lang='lat' dir='ltr'><strong>efferre</strong></span> <span class='ocrx_word' id='word_1_157' title='bbox 857 2320 1067 2405; x_wconf 72' lang='lat' dir='ltr'><em>Fastos</em></span> <span class='ocrx_word' id='word_1_158' title='bbox 1109 2320 1356 2388; x_wconf 88' lang='lat' dir='ltr'><strong>nostros</strong></span> <span class='ocrx_word' id='word_1_159' title='bbox 1405 2324 1777 2410; x_wconf 59' lang='lat' dir='ltr'><strong>Carlfflihſjert</strong></span> <span class='ocrx_word' id='word_1_160' title='bbox 1807 2345 1869 2389; x_wconf 81' lang='lat' dir='ltr'><strong>es</strong></span> <span class='ocrx_word' id='word_1_161' title='bbox 1897 2377 1919 2407; x_wconf 86' lang='lat'><strong>,</strong></span> 
     </span>
     <span class='ocr_line' id='line_1_26' title="bbox 193 2406 1922 2498; baseline -0.001 -19"><span class='ocrx_word' id='word_1_162' title='bbox 193 2430 496 2497; x_wconf 87' lang='lat' dir='ltr'><strong>tanquam</strong></span> <span class='ocrx_word' id='word_1_163' title='bbox 545 2408 837 2473; x_wconf 89' lang='lat' dir='ltr'><strong>hodierni</strong></span> <span class='ocrx_word' id='word_1_164' title='bbox 865 2406 1062 2491; x_wconf 90' lang='lat' dir='ltr'><strong>Jubili</strong></span> <span class='ocrx_word' id='word_1_165' title='bbox 1100 2408 1261 2490; x_wconf 91' lang='lat' dir='ltr'><strong>Tui,</strong></span> <span class='ocrx_word' id='word_1_166' title='bbox 1309 2432 1378 2475; x_wconf 92' lang='lat' dir='ltr'><strong>ac</strong></span> <span class='ocrx_word' id='word_1_167' title='bbox 1416 2411 1649 2493; x_wconf 87' lang='lat' dir='ltr'><strong>nostri,</strong></span> <span class='ocrx_word' id='word_1_168' title='bbox 1698 2413 1922 2498; x_wconf 81' lang='lat' dir='ltr'><strong>ampli-</strong></span> 
     </span>
     <span class='ocr_line' id='line_1_27' title="bbox 191 2496 1918 2584; baseline -0.001 -18"><span class='ocrx_word' id='word_1_169' title='bbox 191 2522 268 2566; x_wconf 83' lang='lat' dir='ltr'><strong>us</strong></span> <span class='ocrx_word' id='word_1_170' title='bbox 311 2501 500 2583; x_wconf 79' lang='lat' dir='ltr'><strong>longe</strong></span> <span class='ocrx_word' id='word_1_171' title='bbox 546 2496 922 2581; x_wconf 80' lang='lat' dir='ltr'><strong>digniusque</strong></span> <span class='ocrx_word' id='word_1_172' title='bbox 971 2496 1494 2564; x_wconf 87' lang='lat' dir='ltr'><strong>Monumentum.</strong></span> <span class='ocrx_word' id='word_1_173' title='bbox 1588 2501 1808 2584; x_wconf 88' lang='lat' dir='ltr'><strong>Atque</strong></span> <span class='ocrx_word' id='word_1_174' title='bbox 1851 2502 1918 2565; x_wconf 89' lang='lat' dir='ltr'><strong>hi</strong></span> 
     </span>
     <span class='ocr_line' id='line_1_28' title="bbox 195 2584 1917 2675; baseline -0.002 -19"><span class='ocrx_word' id='word_1_175' title='bbox 195 2590 365 2675; x_wconf 70' lang='lat' dir='ltr'><strong>Fasti</strong></span> <span class='ocrx_word' id='word_1_176' title='bbox 407 2604 514 2667; x_wconf 94' lang='lat' dir='ltr'><strong>ut,</strong></span> <span class='ocrx_word' id='word_1_177' title='bbox 564 2586 757 2669; x_wconf 72' lang='lat' dir='ltr'><strong>quarn</strong></span> <span class='ocrx_word' id='word_1_178' title='bbox 806 2586 1050 2669; x_wconf 77' lang='lat' dir='ltr'><strong>optime</strong></span> <span class='ocrx_word' id='word_1_179' title='bbox 1099 2584 1235 2649; x_wconf 90' lang='lat' dir='ltr'><strong>fieri</strong></span> <span class='ocrx_word' id='word_1_180' title='bbox 1284 2585 1526 2670; x_wconf 79' lang='lat' dir='ltr'><strong>pofl&#39;et,</strong></span> <span class='ocrx_word' id='word_1_181' title='bbox 1574 2586 1917 2672; x_wconf 88' lang='lat' dir='ltr'><strong>aliquando</strong></span> 
     </span>
     <span class='ocr_line' id='line_1_29' title="bbox 194 2675 1919 2760; baseline -0.001 -17"><span class='ocrx_word' id='word_1_182' title='bbox 194 2677 654 2753; x_wconf 77' lang='lat' dir='ltr'><strong>conderentur,</strong></span> <span class='ocrx_word' id='word_1_183' title='bbox 704 2676 971 2738; x_wconf 90' lang='lat' dir='ltr'><strong>omnino</strong></span> <span class='ocrx_word' id='word_1_184' title='bbox 1001 2675 1163 2737; x_wconf 91' lang='lat' dir='ltr'><strong>inter</strong></span> <span class='ocrx_word' id='word_1_185' title='bbox 1204 2677 1434 2758; x_wconf 83' lang='lat' dir='ltr'><strong>primas</strong></span> <span class='ocrx_word' id='word_1_186' title='bbox 1463 2726 1479 2754; x_wconf 89' lang='lat'><strong>,</strong></span> <span class='ocrx_word' id='word_1_187' title='bbox 1529 2676 1757 2760; x_wconf 73' lang='lat' dir='ltr'><strong>easque</strong></span> <span class='ocrx_word' id='word_1_188' title='bbox 1790 2675 1919 2741; x_wconf 87' lang='lat' dir='ltr'><strong>lau-</strong></span> 
     </span>
     <span class='ocr_line' id='line_1_30' title="bbox 193 2756 1917 2850; baseline -0.001 -20"><span class='ocrx_word' id='word_1_189' title='bbox 193 2761 588 2830; x_wconf 85' lang='lat' dir='ltr'><strong>dabiliffimas</strong></span> <span class='ocrx_word' id='word_1_190' title='bbox 638 2756 1106 2847; x_wconf 81' lang='lat' dir='ltr'><strong>auspicatiffime</strong></span> <span class='ocrx_word' id='word_1_191' title='bbox 1143 2758 1403 2850; x_wconf 88' lang='lat' dir='ltr'><strong>suscepti</strong></span> <span class='ocrx_word' id='word_1_192' title='bbox 1432 2762 1771 2829; x_wconf 77' lang='lat' dir='ltr'><strong>Praeiularis</strong></span> <span class='ocrx_word' id='word_1_193' title='bbox 1798 2764 1917 2829; x_wconf 90' lang='lat' dir='ltr'><strong>Re-</strong></span> 
     </span>
     <span class='ocr_line' id='line_1_31' title="bbox 194 2848 1917 2938; baseline 0.001 -20"><span class='ocrx_word' id='word_1_194' title='bbox 194 2854 443 2938; x_wconf 83' lang='lat' dir='ltr'><strong>giminis</strong></span> <span class='ocrx_word' id='word_1_195' title='bbox 482 2851 609 2915; x_wconf 90' lang='lat' dir='ltr'><strong>Tui</strong></span> <span class='ocrx_word' id='word_1_196' title='bbox 660 2870 834 2915; x_wconf 88' lang='lat' dir='ltr'><strong>curas</strong></span> <span class='ocrx_word' id='word_1_197' title='bbox 883 2849 1238 2917; x_wconf 70' lang='lat' dir='ltr'><strong>numerasti.</strong></span> <span class='ocrx_word' id='word_1_198' title='bbox 1334 2851 1582 2917; x_wconf 84' lang='lat' dir='ltr'><strong>Idcirco</strong></span> <span class='ocrx_word' id='word_1_199' title='bbox 1612 2848 1917 2920; x_wconf 86' lang='lat' dir='ltr'><strong>succifivis</strong></span> 
     </span>
     <span class='ocr_line' id='line_1_32' title="bbox 193 2939 1913 3027; baseline 0 -22"><span class='ocrx_word' id='word_1_200' title='bbox 193 2942 492 3006; x_wconf 88' lang='lat' dir='ltr'><strong>omnibus</strong></span> <span class='ocrx_word' id='word_1_201' title='bbox 533 2939 702 3002; x_wconf 88' lang='lat' dir='ltr'><strong>horis</strong></span> <span class='ocrx_word' id='word_1_202' title='bbox 744 2939 898 3003; x_wconf 89' lang='lat' dir='ltr'><strong>Tuis</strong></span> <span class='ocrx_word' id='word_1_203' title='bbox 939 2940 1224 3005; x_wconf 87' lang='lat' dir='ltr'><strong>Archivii</strong></span> <span class='ocrx_word' id='word_1_204' title='bbox 1257 2939 1451 3005; x_wconf 90' lang='lat' dir='ltr'><strong>nostri</strong></span> <span class='ocrx_word' id='word_1_205' title='bbox 1481 2941 1770 3006; x_wconf 89' lang='lat' dir='ltr'><strong>ordinem</strong></span> <span class='ocrx_word' id='word_1_206' title='bbox 1799 2961 1913 3027; x_wconf 91' lang='lat' dir='ltr'><strong>per</strong></span> 
     </span>
     <span class='ocr_line' id='line_1_33' title="bbox 190 3024 1915 3119; baseline -0.002 -24"><span class='ocrx_word' id='word_1_207' title='bbox 190 3030 288 3095; x_wconf 92' lang='lat' dir='ltr'><strong>Te</strong></span> <span class='ocrx_word' id='word_1_208' title='bbox 338 3026 541 3114; x_wconf 89' lang='lat' dir='ltr'><strong>ipsum</strong></span> <span class='ocrx_word' id='word_1_209' title='bbox 590 3029 859 3113; x_wconf 81' lang='lat' dir='ltr'><strong>operose</strong></span> <span class='ocrx_word' id='word_1_210' title='bbox 909 3024 1264 3097; x_wconf 84' lang='lat' dir='ltr'><strong>restituisti:</strong></span> <span class='ocrx_word' id='word_1_211' title='bbox 1327 3030 1527 3100; x_wconf 87' lang='lat' dir='ltr'><strong>tribus</strong></span> <span class='ocrx_word' id='word_1_212' title='bbox 1574 3031 1915 3119; x_wconf 79' lang='lat' dir='ltr'><strong>grandibus</strong></span> 
     </span>
     <span class='ocr_line' id='line_1_34' title="bbox 1712 3116 1912 3189; baseline -0.055 -4"><span class='ocrx_word' id='word_1_213' title='bbox 1712 3116 1912 3189; x_wconf 67' lang='lat' dir='ltr'><strong>Volu-</strong></span> 
     </span>
    </p>
   </div>
   <div class='ocr_carea' id='block_1_3' title="bbox 237 3220 1005 3274">
    <p class='ocr_par' dir='ltr' id='par_1_4' title="bbox 237 3220 1005 3274">
     <span class='ocr_line' id='line_1_35' title="bbox 237 3220 1005 3274; baseline -0.017 -5"><span class='ocrx_word' id='word_1_214' title='bbox 237 3224 290 3270; x_wconf 66' lang='grc' dir='ltr'><strong>(ἵ)</strong></span> <span class='ocrx_word' id='word_1_215' title='bbox 315 3220 413 3260; x_wconf 81' lang='lat' dir='ltr'><strong>Vide</strong></span> <span class='ocrx_word' id='word_1_216' title='bbox 427 3221 467 3259; x_wconf 83' lang='lat' dir='ltr'><strong>in</strong></span> <span class='ocrx_word' id='word_1_217' title='bbox 482 3221 619 3260; x_wconf 77' lang='lat' dir='ltr'><strong>Tabula</strong></span> <span class='ocrx_word' id='word_1_218' title='bbox 636 3220 850 3274; x_wconf 83' lang='lat' dir='ltr'><strong>Symbolum</strong></span> <span class='ocrx_word' id='word_1_219' title='bbox 868 3221 1005 3259; x_wconf 76' lang='lat' dir='ltr'><strong>IVtum.</strong></span> 
     </span>
    </p>
   </div>
   <div class='ocr_carea' id='block_1_4' title="bbox 2089 0 2122 1508">
    <p class='ocr_par' dir='ltr' id='par_1_5' title="bbox 2089 0 2122 1508">
     <span class='ocr_line' id='line_1_36' title="bbox 2089 0 2122 1508; baseline 0 0"><span class='ocrx_word' id='word_1_220' title='bbox 2089 0 2122 1508; x_wconf 95' lang='lat' dir='ltr'><strong> </strong></span> 
     </span>
    </p>
   </div>
  </div>
 </body>
</html>
