2122 3507
820 170 965 221 ww(
986 184 1011 211 0
1035 171 1178 222 Χᾷἓθὲ
1807 196 1850 231 15

200 254 202 256 ’
259 252 388 312 atque
430 255 710 311 tranquillitas
738 256 931 309 undique
955 256 1228 310 peffumdatae
1262 260 1370 302 sunt.
1456 261 1778 307 Insurrexerunt
1802 267 1847 309 in

255 315 473 357 Dominos
490 315 644 356 subditi
661 344 672 364 ,
703 312 778 367 ipfi
804 314 985 355 Domini
1005 317 1078 356 sub
1100 316 1313 372 religionis
1331 321 1443 360 larva
1462 319 1507 361 in
1527 321 1737 376 Principes
1753 354 1764 374 ‚
1777 338 1848 364 ru·-

252 373 431 428 sticique
459 372 630 427 ingenio
661 385 706 412 ac
728 371 896 425 impetu
915 373 989 412 fibi
1008 374 1189 428 proprio
1211 376 1419 418 furebant.
1478 380 1594 420 Meta
1616 379 1846 423 insolentiae

251 434 466 486 praecipua
482 429 599 472 fuere
621 431 768 470 clerus
784 444 830 470 ac
852 431 1117 472 Monasteria.
1173 434 1221 473 In
1244 434 1309 473 his
1328 436 1570 477 turbinibus
1594 439 1844 490 Germanice,

251 490 409 544 quibus
431 491 470 531 &
506 487 668 530 Austria
688 487 883 528 involuta
903 519 915 538 ‚
944 502 1081 543 neque
1103 491 1346 543 Campililio
1365 496 1530 546 parsum
1546 497 1616 538 est.
1673 499 1843 540 Bonum

249 549 406 589 fastum
426 576 438 596 ‚
468 546 585 600 quod
605 547 740 586 Abbas
761 546 995 602 Wlsgangus
1018 547 1139 588 Divae
1160 550 1290 589 Annae
1309 552 1519 593 honorem
1541 554 1583 594 in
1605 556 1754 596 Monte
1766 559 1842 598 suo

249 615 371 646 antea
409 603 564 644 eximie
605 604 904 658 promoverit:
933 603 1050 657 cujus
1075 606 1217 658 postea
1252 609 1493 658 patrocinio
1520 614 1763 655 obarmatus
1797 615 1841 657 in

248 657 489 717 procellas,
520 661 681 703 ἰηνίἃο
701 661 845 702 animo
870 663 1162 716 tempestatem
1187 663 1384 706 sustinuit
1402 697 1413 714 ,
1444 667 1533 720 ipso
1554 672 1705 712 Monte
1728 675 1840 714 sacro

245 720 323 762 fibi
347 721 555 775 perfugo,
587 730 716 774 atque
748 722 770 760 a
799 720 1059 761 Monasterio
1096 720 1244 770 exuli,
1289 724 1583 780 qualecunque
1627 731 1841 784 refugium

246 778 483 832 praestante.
541 776 711 826 Quanta
743 777 848 819 vero
872 777 1124 831 parsimonia
1144 809 1154 827 ‚
1186 781 1388 820 summam
1406 784 1840 838 saepeinopiaminfe-

245 846 368 878 rente
387 867 399 886 ‚
431 835 507 877 fibi
523 850 634 890 opus
657 845 744 876 erat
762 866 773 884 ‚
802 835 1003 875 omnibus
1019 836 1202 876 aditibus
1220 839 1267 878 ad
1295 838 1685 885 subministrandam
1706 861 1839 888 anno-

245 908 345 935 nam
371 894 602 935 intercluiis
626 892 642 933 ?
673 892 861 933 Maxime
881 895 979 934 cum
998 892 1125 934 etiam
1145 925 1157 944 ‚
1185 894 1431 937 Solimanno
1453 901 1530 940 An.
1567 913 1580 940 1
1595 915 1686 952 529,
1708 905 1839 947 Vien-

244 966 344 993 nam
371 952 613 992 immaniter
631 951 850 991 obsidente
876 979 888 999 ,
921 950 1081 991 barbari
1101 954 1151 993 ad
1170 955 1302 1006 usque
1320 955 1625 998 Monasterium
1644 961 1838 1004 nostrum

243 1019 516 1050 excurrentes
546 1039 557 1055 ‚
585 1021 682 1049 cum
709 1008 969 1062 expilatione
995 1007 1187 1060 Domus,
1207 1013 1312 1052 tecta
1328 1011 1499 1066 insuper
1528 1017 1836 1063 succenderent.

241 1069 377 1108 Tanta
405 1066 601 1108 sustinuit
627 1068 808 1120 Magnus
826 1065 895 1108 hic
914 1067 1062 1108 Praesul
1087 1069 1229 1111 noster
1251 1081 1262 1108 t
1292 1070 1402 1111 inter
1428 1086 1473 1112 ea
1492 1075 1595 1115 vero
1625 1087 1835 1130 quantum

238 1123 362 1165 DEO
389 1126 571 1166 confisus
593 1125 671 1172 est,
704 1126 872 1166 tanturn
899 1126 1045 1167 Patriae
1067 1141 1112 1168 ac
1131 1127 1315 1182 Principi
1333 1129 1440 1171 fidus
1457 1132 1721 1184 perstiterat:
1753 1140 1835 1178 An.

236 1183 304 1223 nis
329 1183 493 1238 qUiPPC
526 1181 877 1236 Periculoflffimis
905 1196 1024 1232 1525·
1047 1185 1085 1226 &
1114 1189 1233 1232 1526.
1262 1186 1560 1230 intercaeteros
1584 1193 1835 1238 Inclitorum

236 1242 437 1282 statuum
473 1243 720 1295 Deputatos
739 1243 847 1281 [olus
867 1241 1065 1295 unusque
1091 1244 1113 1281 ὲ·
1133 1245 1356 1284 Praesulum
1368 1248 1487 1286 Statu
1508 1248 1701 1291 Lincium
1721 1255 1759 1293 se
1781 1253 1832 1294 ad

234 1297 512 1340 Ferdz'nana‘um
543 1301 574 1343 Ι.
595 1308 700 1340 tunc
717 1298 997 1339 Archiducem
1017 1301 1201 1340 contulit
1220 1331 1231 1350 ‚
1254 1300 1350 1353 juata
1368 1302 1452 1354 ejus
1471 1319 1516 1345 ac
1536 1308 1743 1351 postulata
1760 1325 1834 1353 au..

234 1357 405 1399 diturus
429 1387 441 1406 ,
470 1358 511 1398 ἅτ
530 1356 705 1398 statibus
725 1357 943 1396 relaturus.
1000 1358 1218 1398 Coronam
1243 1360 1438 1400 laborum
1461 1365 1482 1403 a
1510 1364 1629 1405 ΠΕΟ
1649 1370 1832 1422 accepit,

240 1416 327 1456 fine
355 1417 481 1454 beato
510 1415 766 1454 concludens
799 1413 866 1454 die
891 1427 956 1453 22.
988 1415 1104 1454 Febr.
1140 1419 1266 1455 Anno
1289 1418 1722 1464 MDXXXIX.1olus
1754 1441 1833 1467 no.

232 1472 420 1514 strorum
442 1473 542 1516 DD.
565 1474 780 1511 Abbatum
809 1471 853 1510 in
873 1471 1075 1522 Capitulo
1095 1475 1285 1511 tumbam
1304 1476 1446 1514 madius
1465 1479 1613 1519 elatam
1634 1510 1646 1530 ‚
1680 1484 1720 1524 &
1735 1485 1831 1539 opi-

236 1530 368 1571 nione
389 1528 603 1582 fingularis
623 1527 798 1568 virtutis
822 1528 1056 1568 hodiedum
1077 1530 1189 1581 apud
1208 1543 1286 1570 nos
1310 1533 1573 1575 venerabilis.

118 1597 333 1644 XXXV.
363 1597 703 1638 LAURENTIUS
735 1598 765 1636 Ι.
795 1598 817 1636 ὲ
834 1596 929 1637 solis
950 1595 1167 1638 miffilibus
1196 1598 1326 1640 literis
1351 1603 1399 1642 ad
1424 1615 1520 1644 eum
1541 1605 1646 1648 datis
1668 1604 1831 1654 restitui

233 1654 409 1712 potuit:
441 1656 543 1696 dum
571 1653 743 1695 interim
784 1664 947 1696 veteres
967 1656 1158 1708 Catalogi
1185 1658 1315 1700 nostri
1348 1672 1445 1701 eum
1464 1691 1476 1710 ‚
1507 1676 1605 1704 cum
1625 1669 1830 1719 proximo

230 1711 469 1756 Successore
486 1743 498 1764 ‚
530 1713 701 1767 penitus
721 1712 963 1766 ignorantes
981 1743 993 1763 ‚
1023 1714 1231 1767 plurimos
1250 1715 1443 1759 nostrum
1470 1720 1729 1769 induxissent
1744 1759 1756 1778 ‚
1778 1739 1830 1772 ut

231 1775 292 1815 ob
330 1774 474 1814 turbas
493 1771 719 1824 Religionis
739 1771 855 1812 triste
876 1771 1023 1824 potius
1040 1772 1266 1827 Campililij
1292 1774 1582 1832 interregnum
1605 1787 1828 1836 praesume-

229 1839 340 1874 rent.
398 1831 485 1885 Jam
507 1843 639 1883 porro
659 1828 820 1870 constat
836 1858 847 1878 ,
877 1842 976 1869 eum
994 1835 1120 1871 Anno
1132 1833 1433 1875 MDXXXIX.
1452 1837 1492 1878 &
1520 1838 1693 1882 biennio
1712 1845 1827 1898 post-

231 1904 278 1931 ea
309 1885 516 1944 praetuiffe
546 1918 560 1939 ‚
596 1889 690 1929 sane
726 1887 832 1929 vero
874 1887 1032 1943 pariter
1060 1888 1105 1931 in
1133 1890 1316 1934 Camino
1354 1893 1642 1940 tribulationis
1669 1906 1826 1955 proba-

228 1957 341 1991 tum·

115 2021 357 2066 XXXVI.
390 2019 571 2060 SIMON
600 2019 628 2058 1.
660 2031 789 2073 quem
806 2016 963 2073 pariter
975 2033 1058 2062 una
1071 2021 1341 2065 solummodo
1358 2024 1823 2079 Epistolamiffilisprae-

226 2080 358 2122 sulem
388 2077 512 2118 nobis
543 2078 698 2132 probat
726 2080 852 2119 Anno
879 2081 1099 2120 MDXLII.
1133 2080 1260 2121 initio
1283 2082 1411 2132 anni,
1440 2098 1486 2125 ac
1504 2086 1685 2138 proinde
1702 2100 1822 2142 parte

226 2137 356 2178 etiam
383 2135 521 2190 aliqua
542 2135 653 2176 Anni
675 2135 844 2187 prioris.
903 2135 1190 2177 Successorum
1211 2139 1316 2178 vero
1336 2142 1512 2181 suorum
1529 2143 1678 2198 aliquis
1698 2158 1821 2190 nota-

226 2195 294 2236 vit
312 2225 324 2244 ,
357 2207 454 2234 eum
477 2202 665 2247 quatuor
684 2194 891 2234 duntaxat
909 2193 946 2234 &
973 2193 1127 2249 viginti
1144 2196 1507 2240 hebdomadarum
1530 2202 1818 2248 Praefesturam

225 2252 488 2293 Abbatialem
505 2249 674 2304 geffiffe.

107 2312 380 2375 XXXVII.
408 2326 762 2367 SEBASTIANUS
792 2325 948 2367 Rotaler
968 2328 1215 2382 subrogatus
1238 2330 1362 2371 Anno
1384 2331 1605 2375 MDXLII.
1629 2351 1716 2379 non
1731 2347 1818 2382 tam

224 2387 347 2440 culpa
364 2387 432 2426 sua
457 2415 469 2434 ‚
499 2396 626 2439 quam
654 2384 824 2425 illorum
843 2415 854 2434 ‚
887 2387 909 2425 a
926 2386 1082 2439 quibus
1117 2388 1284 2428 evectus
1303 2399 1390 2430 erat
1409 2421 1420 2440 ‚
1452 2393 1645 2435 mutabili
1661 2399 1818 2440 volun-

221 2453 308 2485 tate
327 2475 339 2493 ,
374 2443 515 2497 primo
539 2444 674 2484 adhuc
695 2457 807 2484 anno
828 2442 985 2485 iterum
1005 2444 1048 2486 in
1069 2446 1263 2487 ordinem
1282 2448 1469 2490 reda-stus
1487 2451 1583 2492 fuit.

108 2523 404 2566 XXXVIII.
436 2521 713 2563 MATHAEUS
744 2522 776 2566 Ι.
807 2521 959 2562 εΙεὸῒυε
980 2521 1046 2562 die
1075 2535 1136 2564 12.
1162 2525 1280 2565 Febr.
1302 2528 1426 2566 Anno
1458 2529 1816 2572 MDXLHIAEro„

216 2579 356 2623 vincia
380 2579 529 2622 turbis
560 2593 648 2620 non
675 2576 807 2621 vacua
823 2609 836 2630 ,
875 2581 958 2620 fine
977 2581 1086 2622 curis
1120 2597 1166 2623 ac
1183 2583 1450 2626 solicitudine
1467 2589 1700 2640 gubernare
1725 2603 1814 2631 non

215 2639 377 2694 potuit.
450 2637 621 2679 Praefuit
653 2646 793 2678 tamen
820 2638 938 2679 annis
972 2639 1161 2694 quinque
1188 2641 1228 2682 ὅτ
1254 2642 1434 2684 dimidio
1455 2673 1468 2693 ,
1500 2647 1720 2688 defunetus
1747 2647 1814 2689 die

222 2709 285 2738 10.
313 2701 417 2752 Aug.
442 2700 521 2738 An.
552 2697 836 2736 MDXLVIII.

107 2763 354 2809 XXXIX.
383 2765 664 2805 GEORGIUS
695 2762 906 2805 Richardus
935 2766 971 2807 S.
1007 2765 1155 2808 Crucis
1171 2766 1380 2810 Profeffus
1399 2801 1411 2819 ‚
1443 2784 1497 2813 ex
1521 2774 1700 2815 biennali
1724 2775 1810 2813 Ab*

216 2824 313 2863 bate
335 2822 462 2863 Vallis
483 2824 577 2863 DEI
596 2821 820 2877 Campililij
842 2824 1076 2876 postulatus
1106 2855 1117 2873 ,
1149 2827 1263 2878 spem
1285 2840 1477 2881 magnam
1491 2861 1504 2881 ‚
1532 2833 1573 2872 in
1592 2845 1717 2886 quarn
1729 2834 1808 2872 ela=

215 2889 286 2921 tus
320 2889 435 2929 erat,
471 2880 699 2934 iniquitate
725 2890 971 2933 temporum
1003 2884 1224 2934 obstante,
1255 2885 1430 2940 implere
1462 2902 1542 2942 pro
1570 2899 1677 2929 voto
1716 2902 1808 2932 non

215 2939 365 2990 potuit
382 2970 394 2989 ,
427 2951 481 2980 ex
503 2939 738 2980 affionibus
764 2939 965 2994 Principis
991 2941 1170 2982 nimium
1193 2943 1486 2996 prementibus
1509 2978 1521 2997 ‚
1551 2960 1652 3001 quas
1674 2947 1713 2987 ὅτ
1732 2948 1806 2991 Re„

216 2995 405 3048 ligionis:
426 2996 584 3039 diffidia
603 3028 614 3048 ,
646 2998 684 3039 &
710 3000 907 3038 barbarus
936 2999 1067 3041 hostis
1095 3011 1332 3055 exegerant.
1392 3005 1554 3046 Nostris
1584 3005 1627 3044 in
1652 3004 1803 3046 lustru,

215 3054 371 3093 mentis
393 3055 460 3095 hic
487 3057 631 3097 Praesul
652 3058 829 3097 multam
849 3056 1040 3111 paginam
1061 3058 1182 3100 fecit:
1214 3060 1288 3114 qui
1318 3062 1436 3102 annis
1463 3063 1559 3102 0510
1586 3062 1804 3117 regiminis

215 3110 277 3152 sui
297 3112 388 3151 sane
409 3114 566 3155 molesti
592 3115 770 3167 expletis
785 3144 796 3163 ‚
828 3128 998 3168 gravem
1025 3115 1346 3161 hanc‘sarcinam
1364 3132 1545 3162 unacum
1560 3119 1649 3177 vita
1668 3120 1801 3176 depo-

215 3169 300 3211 suit
318 3170 385 3211 die
405 3175 471 3213 26.
491 3174 723 3226 Septembr.
738 3176 815 3216 An.
833 3174 1032 3217 MDLVI.

883 3232 926 3273 D
958 3245 984 3274 2
1701 3238 1801 3282 XL.
