2122 3507
194 178 356 246 Vitis
426 169 714 238 excrescit
742 218 762 251 ,
810 165 1086 231 radiante
1149 158 1450 251 desuper,
1519 165 1714 230 veluti
1771 163 1899 231 sole

190 265 471 351 quodam
517 257 859 324 meridiano
887 305 906 334 ,
956 254 1121 318 Pane
1166 255 1414 320 triticeo
1451 253 1898 319 EucharistiCO.

190 345 791 437 Superstripfimus:
842 344 946 415 IN
992 343 1331 416 HYEME
1370 343 1716 418 AESTAS·
1767 345 1900 428 (g)

192 443 332 525 Jam
371 433 665 520 equidem
710 434 774 496 in
809 431 975 495 ccelo
1007 430 1218 514 Syrius
1247 433 1428 515 caepit
1456 429 1708 494 ardere:
1753 426 1905 494 mes-

191 529 268 596 fis
305 543 590 607 tempora
632 522 911 604 agimus:
963 517 1152 602 longe
1187 519 1220 583 a
1272 520 1496 583 bruma
1535 518 1606 585 δε
1655 517 1907 583 nivibus

190 611 476 681 absumus
506 662 524 690 ,
572 607 619 674 fi
660 607 969 674 mensium
1007 606 1317 671 curricula
1348 606 1748 672 attendimus,
1813 604 1910 669 At

189 703 343 769 verb
389 699 436 763 fi
478 697 881 763 Venerabiles
916 746 935 777 ,
986 694 1055 761 δε
1104 696 1248 759 nive
1297 696 1585 779 puriores
1639 688 1911 778 graviffi-

188 810 330 857 mos
378 788 586 854 Canos
642 786 819 851 Tuos
858 835 876 867 ,
947 785 1066 858 PR
1069 784 1335 858 AESUL
1385 779 1654 867 Jubilaee
1677 833 1696 861 ,
1757 798 1912 846 cum

188 880 402 944 animo
456 874 672 941 nostro
704 889 1071 959 reputemus
1101 922 1119 951 ,
1182 873 1398 936 n6nne
1453 870 1774 954 Hyemem
1819 868 1912 931 in-

192 984 449 1032 tuemur
474 1014 493 1044 ,
561 964 732 1028 nives
786 959 1267 1046 quodammodo
1325 959 1639 1024 cernimus
1689 956 1912 1040 copio-

191 1052 278 1120 sas
307 1105 323 1134 ‚
371 1052 742 1138 Ripheaque
777 1050 1009 1134 frigora
1033 1045 1517 1134 praesumamus?
1565 1046 1671 1111 Tu
1697 1061 1913 1110 tamen

188 1141 450 1210 Meffem
483 1139 714 1219 hodie>
762 1154 951 1223 atque
991 1137 1396 1204 Vindemiam
1445 1138 1511 1200 in
1554 1136 1684 1199 Ara
1717 1132 1858 1196 Tua
1891 1177 1914 1210 ‚

187 1228 588 1313 stupentibus
625 1226 842 1302 nobiS,
892 1246 1025 1289 non
1053 1221 1223 1291 secus
1248 1276 1268 1306 ,
1319 1247 1390 1290 ac
1419 1223 1467 1288 fi
1495 1223 1720 1288 AEtatis
1756 1221 1915 1285 Tuae

185 1316 460 1382 mediam
491 1330 698 1395 ageres
726 1310 997 1374 aestatem
1029 1360 1048 1389 ‚
1098 1311 1456 1376 instruxisti.
1566 1312 1732 1375 Vere
1783 1309 1917 1372 hoee

185 1403 419 1472 Manus
451 1399 594 1460 Tua
634 1414 770 1457 non
807 1398 948 1457 Tua
989 1412 1158 1474 erat,
1207 1393 1308 1461 sed
1345 1397 1624 1462 Dextera
1650 1394 1910 1461 Excelfi.

186 1492 442 1570 Agrum
471 1481 653 1546 illum
676 1480 986 1543 Divinum
1013 1531 1031 1560 ,
1082 1499 1278 1563 quem
1319 1485 1473 1545 colis
1508 1485 1572 1545 in
1609 1484 1738 1547 Ara
1771 1533 1790 1562 ,
1828 1484 1916 1548 vi-

186 1594 375 1644 neam
416 1569 587 1636 illam
643 1566 982 1631 DEIficam
1018 1618 1036 1647 ,
1087 1567 1323 1632 ibidem
1383 1586 1577 1654 quam
1619 1567 1862 1652 plantas
1897 1619 1919 1650 ,

189 1665 417 1745 utique
473 1657 767 1723 novimus
830 1656 1008 1720 omni
1060 1670 1353 1741 tempore
1408 1657 1757 1741 germinare
1781 1708 1799 1737 ‚
1848 1678 1919 1721 ac

191 1769 429 1840 parere.
540 1739 845 1809 Crescunt
886 1740 1129 1830 semper
1173 1744 1242 1810 &
1283 1740 1709 1810 maturescunt
1753 1746 1818 1810 in
1848 1766 1918 1810 ea

192 1839 580 1907 meoemmn
642 1831 981 1897 Eleei‘omm
1004 1881 1024 1911 ,
1072 1847 1263 1916 atque
1315 1834 1542 1901 Vinum
1583 1836 1922 1915 germinam

193 1927 488 2007 Virgines.
583 1921 887 1986 Attamen
944 1919 1039 1983 Te
1092 1919 1425 1985 Colonum
1460 1971 1478 2001 ‚
1526 1919 1622 1985 Te
1673 1922 1924 1986 Vinito-

195 2033 333 2081 rem
384 2027 513 2075 tam
554 2008 933 2073 diuturnum
966 2004 1146 2072 fuifl'e
1171 2059 1190 2088 ,
1239 2008 1310 2075 &
1337 2007 1454 2072 efl'e
1481 2059 1500 2090 ‚
1550 2008 1708 2073 adeo
1750 2008 1924 2094 apud

196 2101 295 2165 Te
326 2097 506 2164 laude
547 2116 680 2161 non
707 2111 882 2160 vacat
908 2146 928 2176 ,
977 2112 1052 2159 ut
1092 2091 1339 2160 summo
1379 2096 1476 2160 Te
1511 2096 1730 2181 potitis
1771 2117 1926 2186 prae-

198 2189 389 2255 conio
416 2236 435 2266 ,
484 2183 585 2250 vel
620 2183 973 2249 tacentibus
1001 2184 1217 2266 nobis,
1248 2184 1542 2258 honoret.

310 2349 574 2419 Constat
620 2349 918 2417 omnibus
946 2400 965 2431 ‚
1027 2353 1130 2419 cui
1170 2351 1461 2420 Domino
1517 2372 1784 2441 operam
1832 2353 1930 2419 Io-

198 2443 453 2509 caveriS.
548 2438 648 2504 Illi
700 2441 1004 2505 nimirum
1030 2491 1050 2522 ,
1112 2444 1225 2527 qui
1276 2463 1410 2508 non
1462 2445 1577 2506 uni
1628 2442 1929 2507 Sacerdo-

202 2547 346 2597 tum
385 2580 402 2608 ,
463 2547 673 2612 neque
733 2547 867 2592 uno
942 2530 1008 2593 in
1071 2527 1215 2594 loco
1287 2531 1711 2595 comminatus
1770 2527 1860 2593 est
1903 2580 1927 2609 ,,

201 2617 385 2704 quod
413 2614 584 2701 apud
620 2611 850 2681 Oseam
898 2615 1287 2702 Prophetam
1340 2620 1588 2701 integro
1628 2615 1924 2701 Collegio

203 2703 586 2773 Sacerdotali
624 2755 643 2786 ,
693 2706 1001 2789 inquiens.
1109 2707 1281 2794 ,Qu’a
1321 2724 1388 2771 m
1407 2705 1730 2789 scientiam
1752 2721 1927 2789 repn-

207 2794 329 2879 listi
340 2846 357 2874 ,
395 2793 660 2877 repellam
695 2809 752 2858 te
766 2844 783 2873 ‚
809 2812 883 2856 ne
908 2791 1250 2857 Sacerdotio
1270 2791 1563 2876 fungaris
1598 2791 1757 2858 mihi.
1785 2793 1926 2882 (h)

209 2881 308 2949 Illi
352 2881 671 2960 Domin0‚
720 2879 797 2944 de
840 2901 973 2966 quo
1013 2881 1182 2966 apud
1224 2881 1560 2946 Matheum
1612 2881 1874 2964 legimus
1901 2903 1921 2944 ε

208 2969 416 3039 Malos
452 2968 602 3033 male>
630 2968 837 3055 perdet
859 3019 880 3051 ,
928 2969 999 3035 82³
1037 2973 1271 3036 vineam
1290 2968 1479 3053 suam
1527 2967 1746 3038 locabit
1783 2968 1921 3033 aliis

1766 3074 1922 3144 agri-

255 3179 343 3227 (g)
368 3176 467 3216 Vide
489 3176 529 3216 in
544 3176 683 3216 ‘rabula
708 3176 921 3228 Symbolum
945 3176 991 3216 11.
1041 3177 1127 3225 (h)
1155 3176 1248 3214 Osee
1270 3180 1326 3227 IV,
1353 3188 1391 3219 v.
1408 3178 1440 3218 0„
