2122 3507
813 96 956 145 ἓΰὲἰᾷ(
977 108 1002 134 0
1024 97 1166 146 >³5³8ss
1802 117 1847 154 ας

150 186 382 228 citatorum
403 211 415 232 ,
444 179 694 223 industriam
722 186 864 221 tamen
890 194 1028 221 meam
1050 179 1314 222 laudabiliter
1336 182 1520 224 aemulari
1548 183 1813 238 cupientium
1834 219 1845 238 ,

148 243 282 284 amica
313 254 409 284 cum
445 241 688 281 Doctorum
725 237 934 279 Virorum
975 240 1099 280 venia
1121 270 1132 289 ,
1161 249 1248 280 tam
1290 242 1535 295 perspicuus
1565 243 1656 283 fieri
1676 273 1688 292 ,
1721 255 1850 299 atque

146 300 304 342 liceret.
378 300 618 341 Multitudo
661 295 834 338 interim
880 297 1226 339 illustrandorum
1264 300 1314 340 ad
1356 298 1512 354 justum
1549 314 1618 341 me
1657 304 1845 345 Turnum

139 358 301 413 coegit.

260 473 426 514 Harum
465 485 598 527 porro
642 465 934 522 Illustrationum
964 472 1052 512 haec
1080 472 1165 512 fere
1195 472 1252 513 est
1280 471 1401 514 ratio.
1481 473 1613 515 Primae
1643 474 1685 516 in
1718 476 1849 518 Partis

142 538 334 586 utroque
373 527 487 571 Libro
514 528 777 570 Seffionibus
808 528 976 582 lingulis
1007 529 1196 570 Praenotio
1225 531 1531 583 praemittitur:
1578 547 1670 587 quae.
1699 536 1846 575 Lecto-

142 603 235 630 rem
272 591 445 630 edoceat
482 589 532 629 de
569 586 619 626 iis
651 587 875 640 Capitibus
898 616 909 636 ,
950 588 999 628 ad
1040 601 1131 640 quae
1168 589 1206 626 se
1248 588 1292 628 in
1331 591 1503 631 decursu
1536 594 1678 632 eadem
1709 593 1842 633 Sectio

140 647 290 700 saepius
327 648 467 687 refert.
546 645 607 686 Ita
644 658 686 685 v.
716 658 751 688 c.
791 643 835 684 in
882 645 1115 685 Praenotione
1152 645 1352 685 Seffionis
1392 649 1490 686 Lm·
1520 663 1613 702 quae
1663 654 1846 693 recenset

139 706 419 744 Summorum
464 702 723 743 Pontificum
760 703 924 751 Bullas,
962 702 1118 754 praevie
1156 715 1344 753 moneo,
1382 708 1642 759 quotuplicis
1681 710 1844 761 generis·

139 760 218 802 effe
245 763 404 802 soleant
446 761 594 802 Literae
636 759 836 813 Papales?
867 759 971 813 quid
1010 759 1159 800 Bulla?
1203 773 1296 813 quae
1335 774 1477 801 earum
1509 765 1846 808 Solemnitates?

137 832 237 873 quae
266 819 407 873 Sigla?
436 832 528 873 quae
554 818 715 871 Signa?
750 830 843 871 quae
873 817 1276 870 Monogrammata?
1308 819 1411 871 quid
1447 823 1636 862 Annulus
1664 825 1844 865 Piscato-

137 876 231 919 ris?
257 890 354 932 quae
397 876 619 919 difficultas
648 876 693 915 in
741 875 848 914 recta
883 874 1132 914 tractatione
1171 877 1381 915 Bullarum
1424 878 1770 922 Pontificalium?
1803 884 1843 924 ὅτ

139 937 369 989 quomodo
399 935 468 977 illa
495 931 715 976 tollenda?
743 931 808 973 Sic
847 931 891 972 in
932 931 1020 972 aliis
1066 931 1329 974 Sectionibus
1358 934 1433 974 alia
1475 937 1698 981 attinentia
1736 953 1842 994 prae-

134 1003 280 1036 mitto.

260 1106 499 1162 Subiunc‘iis
545 1107 695 1150 deinde
743 1107 787 1148 in
817 1106 945 1149 Notis
990 1106 1119 1163 ipsius
1158 1110 1395 1159 Recens-as,
1433 1112 1694 1166 compendio
1727 1128 1804 1169 ago
1828 1145 1841 1165 ,

135 1180 228 1223 quo
260 1165 457 1221 poffum,
489 1166 747 1208 breviffimo.
827 1169 1020 1221 Excerpo
1054 1183 1098 1208 ea
1118 1197 1130 1218 ,
1165 1183 1257 1223 quae
1286 1172 1399 1210 forte
1431 1172 1475 1211 in
1504 1174 1671 1213 Chai-tis
1702 1177 1842 1227 lingu-

136 1225 236 1268 laria
264 1228 361 1266 sunt
380 1254 392 1274 ,
439 1226 693 1279 doctamque
736 1226 1081 1266 observationem
1110 1238 1357 1277 merentur,
1389 1228 1466 1269 stili
1500 1233 1730 1281 formulas,
1761 1246 1842 1272 vo-

132 1297 198 1325 ces
230 1286 500 1337 peregrinas,
538 1285 675 1324 sensus
717 1282 931 1334 graviores
952 1312 964 1329 ,
996 1285 1192 1323 clausulas
1223 1286 1397 1338 legales:
1431 1288 1470 1327 ὃς
1499 1289 1526 1327 fi
1559 1290 1651 1330 luce
1680 1289 1842 1343 indige-

129 1350 205 1382 ant
224 1369 238 1390 ,
269 1354 353 1394 qua
382 1342 566 1394 denique
595 1338 762 1393 possum
784 1369 796 1389 ,
824 1340 1015 1380 illustro:
1048 1341 1076 1379 fi
1102 1341 1238 1381 Criiin
1273 1346 1530 1395 exposcant,
1563 1347 1682 1387 edico
1705 1377 1716 1395 ,
1747 1361 1842 1402 quae

132 1399 284 1440 sentio.
356 1401 552 1439 Personas
580 1397 780 1451 insuper,
811 1411 856 1438 ac
885 1398 994 1437 Loca
1020 1427 1032 1447 ,
1084 1399 1261 1438 minime
1301 1403 1384 1439 line
1427 1404 1706 1445 illustratione
1747 1419 1843 1459 per-

130 1459 326 1505 transeo,
358 1454 624 1508 potiffimtim
666 1454 772 1494 vero
803 1456 854 1494 de
892 1456 1163 1494 Ecclefiarum
1195 1470 1240 1494 ac
1286 1458 1643 1501 Monasteriorum
1680 1465 1842 1504 Funda-

129 1514 324 1556 tionibus
347 1542 358 1560 ‚
395 1515 514 1565 quod
547 1512 651 1551 utile
670 1510 906 1563 judicabam
925 1540 937 1559 ‚
972 1511 1101 1551 affero
1121 1539 1132 1559 ‚
1162 1525 1208 1552 ac
1237 1512 1311 1552 nifi
1353 1517 1497 1555 eadem
1530 1519 1580 1557 de
1617 1533 1737 1559 novo
1765 1523 1843 1561 do-

127 1586 272 1622 ceam,
302 1567 488 1611 Eruditis
520 1567 566 1608 in
598 1566 853 1608 memoriam
884 1569 1024 1608 saltem
1056 1568 1213 1609 iterum
1246 1585 1405 1612 revoco
1430 1586 1439 1612 :
1472 1574 1546 1614 ubi
1577 1583 1719 1618 tamen
1748 1591 1843 1619 om-

126 1629 251 1672 nium
278 1626 456 1670 minime
488 1625 686 1667 modestae
716 1625 881 1666 Criseos
911 1625 1152 1668 obliviscor.
1216 1630 1402 1670 Tandem
1433 1631 1472 1673 ὅτ
1500 1632 1636 1687 Sigilla
1662 1636 1730 1676 vel
1762 1650 1843 1677 no-

125 1688 237 1738 stra,
267 1687 335 1727 vel
365 1698 418 1726 ex
445 1683 534 1726 aliis
564 1684 769 1733 adducta,
799 1683 882 1725 suis
909 1686 930 1724 ὲ
960 1685 1130 1726 Tabulis
1158 1688 1291 1739 allego
1326 1688 1515 1744 ubique,
1544 1692 1732 1734 describo
1755 1724 1768 1744 ,
1799 1695 1842 1736 ὅτ,

125 1745 202 1788 ubi
237 1743 367 1785 fuerit
395 1755 536 1797 opus,
566 1755 743 1796 expono
761 1772 774 1791 ‚
800 1750 878 1782 ‘aut
909 1756 1007 1783 cum
1039 1743 1127 1783 aliis
1157 1747 1350 1791 confero.
1430 1748 1632 1792 Similiter
1660 1765 1840 1807 quoque

123 1805 352 1852 Personas,
381 1801 529 1843 nostro
560 1813 615 1841 ex
644 1799 851 1841 Archivio
880 1803 1099 1842 recensitas
1119 1832 1131 1852 ‚
1162 1804 1190 1842 fi
1221 1804 1318 1844 alibi
1348 1818 1527 1861 quoque
1559 1811 1838 1861 occurrerint,

129 1860 315 1915 qualiter
342 1860 502 1900 ibidem
520 1889 533 1910 ‚
564 1859 604 1901 &
638 1872 728 1912 quo
756 1860 854 1899 loco
891 1870 1317 1911 commemorentur,
1347 1864 1511 1905 Lea-ori
1542 1868 1722 1908 Erudito
1755 1869 1842 1909 stu-

125 1919 246 1962 diose
282 1917 516 1959 subindico.
598 1917 751 1970 Neque
781 1916 895 1957 enim
926 1917 1120 1959 nostrum
1149 1924 1457 1963 tantummodo
1487 1925 1741 1966 Archivium
1772 1926 1838 1968 in-

127 1986 298 2031 tegrum
330 1989 474 2018 coram
516 1975 703 2016 Eruditis
744 1976 998 2015 recensendo
1040 1976 1186 2017 afferre
1228 1979 1461 2020 constitui:
1490 1985 1642 2023 vertim
1671 1984 1798 2026 etiam
1827 2016 1840 2034 ,

125 2045 179 2076 ut
208 2034 390 2076 Veritati
418 2032 624 2087 ampliora
662 2032 853 2087 suffragia
882 2034 1019 2089 ferre,
1049 2035 1248 2076 Historiae
1275 2038 1421 2078 Patrice
1451 2041 1613 2081 lumina
1639 2041 1841 2083 illustrio-

126 2107 171 2135 ra
201 2094 424 2135 accendere
453 2090 613 2146 poss'em
637 2122 649 2141 ,
679 2093 858 2131 Chartas
888 2092 1050 2132 nostras
1078 2105 1177 2132 cum
1206 2094 1357 2136 vicinis
1387 2110 1565 2152 quoque
1593 2100 1805 2142 Archiviis
1821 2130 1840 2150 „

126 2152 325 2194 hactenus
356 2151 538 2206 vulgatis
558 2179 571 2200 ,
601 2150 781 2203 operose
809 2150 1002 2189 conferre
1032 2149 1170 2203 sategi.

252 2276 408 2318 Partem
440 2270 570 2316 Ilstam·
601 2275 811 2317 methodo
851 2276 996 2317 eadem
1015 2305 1028 2328 ,
1058 2289 1143 2331 qua
1180 2275 1361 2329 primam
1382 2312 1394 2330 ‚
1425 2278 1627 2326 illustrare
1656 2292 1835 2326 conten-

131 2335 187 2377 di.
243 2335 433 2376 Cuilibet
468 2335 655 2388 namque
681 2334 898 2388 amplioris
928 2335 1032 2375 olim
1059 2336 1261 2377 Nominis
1293 2340 1471 2381 Familiae
1490 2373 1501 2392 ,
1534 2343 1720 2384 maxime
1741 2357 1835 2397 quae

127 2405 183 2434 ex
219 2390 530 2447 Antiquiffimis
561 2402 680 2442 erat,
726 2390 933 2446 cujusque
969 2395 1091 2447 plura
1126 2396 1302 2437 nomina
1339 2400 1545 2441 laudanda
1588 2403 1793 2443 habebam
1822 2432 1835 2452 ‚

128 2451 405 2493 Praenottonem
433 2451 590 2504 pariter
620 2450 876 2505 anteposui:
910 2450 984 2491 ubi
1014 2452 1260 2506 generaliter
1290 2454 1340 2495 de
1369 2471 1414 2497 ea
1444 2453 1592 2499 disiero
1612 2490 1623 2510 ‚
1653 2460 1838 2501 aliorum

128 2509 399 2552 Traditiones
440 2509 641 2560 adduco,
679 2509 720 2551 &
766 2508 896 2550 sicubi
935 2523 999 2550 res
1040 2511 1186 2552 tulerit
1214 2542 1225 2562 ,
1271 2515 1515 2566 confirmo,
1559 2527 1632 2559 aut
1676 2520 1834 2560 refello.

128 2568 228 2609 Fata
265 2574 469 2621 praeterea
505 2565 693 2621 ejusdem
714 2596 727 2617 ‚
756 2569 900 2609 laudes
923 2597 935 2618 ,
967 2569 1117 2609 decora
1139 2599 1150 2619 ,
1183 2568 1329 2611 munia
1361 2575 1574 2626 splendida
1592 2606 1604 2627 ‚
1634 2576 1835 2629 Deigmaa

130 2632 201 2676 ta,
233 2639 280 2666 ac
312 2627 483 2666 tandem
512 2626 750 2675 defectum,
792 2625 973 2680 qualiter
1016 2626 1061 2667 in
1094 2627 1159 2668 his
1196 2630 1396 2671 omnibus
1437 2635 1576 2686 sapere
1611 2634 1718 2675 mihi
1756 2634 1834 2687 ipsi

134 2683 316 2732 licebat,
348 2683 607 2738 compendio
648 2697 866 2738 percurro.
943 2686 991 2725 In
1019 2686 1179 2726 notulis
1208 2688 1313 2728 vero
1351 2689 1577 2744 subjunctis
1615 2691 1833 2746 singularia

135 2742 390 2784 Chartarum
440 2755 624 2796 excerpo
651 2773 663 2793 ‚
709 2753 954 2797 quantum,
1001 2744 1039 2785 &
1080 2744 1152 2784 ubi
1189 2744 1231 2786 id
1281 2746 1416 2787 visum
1453 2750 1524 2791 est.
1594 2750 1834 2791 Nonnullae

137 2800 315 2842 Chartas
343 2814 432 2841 non
463 2801 649 2854 prolixas
669 2831 681 2851 ,
712 2800 907 2855 lectuque
941 2801 1154 2855 digniores
1174 2833 1186 2852 ,
1217 2803 1400 2858 integras
1428 2807 1630 2853 adscribo,
1693 2806 1833 2848 Filum

130 2857 463 2913 Genealogicum
508 2868 582 2900 aut
633 2861 655 2899 ὲ
701 2859 883 2909 nostris,
920 2862 987 2900 vel
1040 2860 1221 2902 aliorum
1273 2864 1574 2906 Archiviorum
1620 2864 1787 2905 Chartis
1817 2892 1830 2913 ‚

131 2924 342 2968 quantum
383 2916 574 2971 undique
609 2918 734 2965 licet,
771 2917 930 2959 solicite
966 2931 1084 2959 curo.
1156 2919 1294 2974 Sigilla
1323 2933 1522 2974 praeterea
1549 2934 1754 2975 expono:
1785 2933 1833 2963 ae

133 2973 305 3014 tandem
343 2988 397 3016 ex
434 2975 620 3017 Historia
659 2975 883 3029 cujuslibet
921 2977 1103 3027 Gentis,
1141 2991 1405 3034 quaecunque
1442 2993 1672 3029 noveram,
1710 2977 1831 3021 tuto-

137 3043 224 3083 que
248 3060 260 3080 ,
289 3045 334 3072 ac
360 3034 546 3074 breviter
566 3064 578 3083 ,
609 3035 648 3075 δε
680 3035 929 3088 opportune
957 3034 1091 3077 afferri
1121 3038 1142 3077 a
1170 3050 1239 3077 me
1270 3049 1490 3092 poterant,
1510 3039 1714 3088 anneao,
1745 3041 1831 3079 fine

133 3091 376 3132 excurfibus
407 3091 511 3135 nihil
538 3092 584 3135 in
613 3107 704 3135 rem
734 3093 1065 3141 conferentibus.
1143 3095 1223 3137 His
1253 3109 1387 3151 porro
1423 3098 1467 3138 in
1506 3096 1706 3139 omnibus
1745 3100 1831 3137 fine

966 3152 1008 3192 G
1716 3155 1830 3198 testi-
