2122 3507
176 183 275 215 nam
292 168 444 226 Jubilei
460 168 540 209 Tui
563 163 812 206 memoriam
839 160 1110 205 devotiffimo
1128 161 1335 218 obsequio
1353 163 1579 205 consecrat.
1656 165 1705 206 In
1726 163 1885 219 princi-

175 230 254 286 pio
278 228 463 283 ejusdem
484 256 497 275 ‚
527 238 580 265 ne
596 225 767 263 summae
788 221 1006 262 Modestiae
1037 222 1137 261 Tuae
1158 224 1392 262 exuberans
1409 221 1551 261 verbis
1566 222 1792 265 Rhetorica
1811 238 1884 265 ru·

178 292 330 332 horem
354 283 540 327 excutiat
557 311 570 331 ,
600 280 798 322 hodierni
819 278 947 332 Jubili
974 278 1055 319 Tui
1077 279 1385 321 Encomiastem
1400 292 1490 319 non
1508 278 1637 320 alium
1653 281 1849 324 substitui
1872 313 1886 332 ,

179 347 256 390 nisi
276 346 404 386 solam
419 342 581 383 literam
598 339 642 379 L.
667 338 834 379 numeri
849 336 1003 391 Jubilei
1030 336 1070 378 &
1091 336 1427 392 quinquagesimi
1446 345 1596 378 notam
1615 366 1627 388 ,
1655 339 1889 392 Symbolici

181 401 375 457 corporis
393 399 437 441 in
448 410 612 440 morem
625 396 740 437 varia
755 394 1091 437 consideratione
1112 399 1347 449 expensam.
1408 394 1603 437 Medium
1613 403 1731 438 tenet
1748 399 1892 438 Anna-

180 463 285 505 lium
303 459 399 501 loeo
417 487 431 508 ,
461 469 569 510 quos
588 454 735 509 perfici
753 453 917 495 exilitas
940 467 1031 494 mea
1048 455 1268 507 hucusque
1292 467 1381 495 non
1397 453 1497 495 tulit
1518 484 1531 504 ‚
1559 455 1799 495 eorundem
1814 457 1889 497 sal-

180 530 270 563 tem
307 514 565 569 Conspeems
584 524 596 554 t
650 512 727 567 qui
768 511 950 554 Erudito
986 511 1159 553 interim
1196 511 1306 553 Orbi
1342 511 1589 566 praefabitur
1608 541 1621 562 ,
1650 513 1863 566 quantum
1877 542 1893 562 ,

181 587 398 634 quamque
426 571 692 613 laudabiliter
718 570 862 625 cupias
880 600 892 620 ‚
925 571 1057 612 charae
1092 569 1238 611 Patriae
1256 600 1269 622 ,
1312 569 1712 624 Augustiffirnorum
1733 569 1893 611 Princi-

180 648 288 692 pum
307 663 319 684 ‚
350 628 639 685 universaec'1ue
673 636 762 671 tam
789 630 971 670 Summae
988 658 1000 679 ,
1030 631 1159 683 quam
1188 628 1336 670 mediae
1365 627 1616 670 Nobilitatis
1644 626 1819 669 Honori
1847 642 1895 670 ac

182 692 420 749 posthumae
447 690 582 730 Famae
611 688 695 729 fide
721 695 834 729 certa
862 685 1050 739 Archivij
1075 687 1140 728 tui
1167 689 1396 728 consulere.
1449 685 1673 728 Postremo
1690 687 1861 727 tandem
1880 716 1896 737 ,

180 750 283 806 quia
307 747 600 790 Maximorum
618 746 826 787 Virorum
845 759 890 786 ea
906 747 1069 798 semper
1086 745 1206 786 omni
1225 758 1319 786 aevo
1337 773 1351 794 ,
1381 744 1421 786 &
1441 757 1593 784 omnes
1611 743 1725 785 inter
1749 753 1896 797 gentes

182 804 450 852 Existimatio
480 805 563 846 fuit
581 835 593 856 ‚
623 812 675 845 ut
698 804 905 858 Imagines
931 803 1118 858 publicas
1141 834 1153 853 ‚
1183 815 1395 843 marmore
1433 804 1500 843 vel
1531 803 1702 843 metallo
1731 804 1897 843 coelatas

183 866 450 920 acciperent,
484 863 619 904 vitam
644 864 728 904 hoc
761 863 883 917 paeto
917 861 1044 903 etiam
1073 861 1169 915 post
1187 863 1269 902 fata
1301 859 1598 903 consecuturi:
1629 872 1724 913 pars
1747 859 1899 901 ultima

184 924 332 967 Libelli
352 920 486 964 nostri
502 921 661 962 Vivam
676 920 758 962 Tui
777 919 968 972 Effigiem
994 919 1102 961 fistet
1130 919 1175 960 in
1202 918 1514 973 Quinquagena
1530 917 1771 972 Symbolica
1790 946 1802 967 ‚
1830 919 1901 958 Sa-

184 996 298 1025 cram
325 984 452 1034 supra
478 981 678 1033 Regulam
705 978 890 1021 nostram
920 986 1140 1030 concepta.
1203 977 1477 1018 Delineatum
1497 989 1654 1029 nempe
1677 977 1727 1017 ad
1744 975 1903 1017 vivum

183 1042 244 1084 Te
261 1039 463 1086 fistimus,
494 1051 583 1078 non
605 1039 655 1077 ab
681 1038 825 1090 Apelle
843 1065 855 1086 ‚
884 1050 974 1077 non
997 1038 1020 1077 a
1042 1035 1248 1076 Praxitele
1266 1066 1279 1086 ‚
1307 1035 1374 1076 sed
1392 1036 1444 1075 ab
1463 1034 1555 1088 ipso
1582 1034 1647 1078 SS.
1667 1033 1900 1087 Legislato-

184 1113 231 1142 re
256 1097 403 1140 nostro
421 1095 765 1137 BENEDICTO:
794 1095 840 1136 in
856 1092 982 1148 hujus
998 1094 1161 1149 quippe
1176 1095 1285 1148 Lege
1303 1093 1469 1148 Regulae
1491 1091 1551 1134 est
1568 1091 1709 1133 omnis
1727 1093 1899 1134 Volun-

111 1209 118 1218 .
182 1164 246 1199 tas
263 1158 367 1198 Tua.

286 1228 448 1271 Decuit
472 1226 665 1282 ρτοῗεᾶὸ
682 1225 844 1280 Jubilea
859 1227 947 1268 haec
963 1226 1174 1267 Solemnia
1191 1228 1282 1268 Tua
1299 1228 1531 1269 nonnullus
1549 1228 1691 1269 saltem
1710 1226 1904 1270 fidelium

186 1296 366 1330 tuorum
382 1286 544 1340 Jubilus
561 1316 572 1331 ‚
600 1283 707 1323 Orbi
724 1285 987 1336 promendus
1005 1311 1017 1331 ‚
1046 1281 1165 1333 cujus
1183 1297 1311 1326 voces
1332 1286 1372 1325 &
1390 1285 1528 1339 apices
1546 1296 1697 1326 omnes
1717 1284 1904 1326 totidem

186 1348 331 1387 forent
348 1345 604 1396 Interpretes
626 1339 898 1394 jubilantium
915 1339 960 1380 in
978 1341 1036 1380 Te
1050 1340 1247 1380 cordium
1265 1342 1534 1384 nostrorum}
1554 1345 1653 1384 etim
1669 1342 1761 1397 ipso
1779 1343 1903 1384 DEO

186 1400 463 1458 praecipiente
483 1430 495 1450 ‚
524 1398 568 1439 in
599 1399 709 1452 Lege
735 1398 873 1438 veteri
893 1428 905 1448 ,
935 1396 1310 1451 appropinguante
1339 1401 1465 1438 Anno
1498 1399 1866 1453 Qinquagefimo
1889 1403 1907 1453 ,'

186 1460 470 1513 clangendum
502 1456 631 1497 fuerit
663 1454 839 1495 buccina
861 1485 872 1502 ‚
901 1453 1101 1508 Annique
1137 1455 1289 1508 Jubilei
1321 1455 1485 1497 Laetitia
1508 1468 1683 1496 omnem
1700 1457 1744 1497 in
1761 1471 1907 1512 popu..

186 1521 280 1561 lum
299 1514 604 1557 annuncianda.
663 1513 839 1553 Beatum
861 1525 941 1553 nos
968 1513 1184 1566 populum
1207 1542 1219 1562 ,
1249 1512 1325 1566 qui
1353 1513 1506 1553 scimus
1540 1515 1762 1566 praesentes
1778 1516 1907 1558 hodi.

191 1588 337 1617 ernam
363 1571 666 1628 jubilationem
701 1571 836 1611 Tuam
864 1571 1197 1612 Sacerdotalem:
1226 1571 1394 1624 qualem
1421 1583 1551 1610 nemo
1577 1569 1795 1624 Majorum
1825 1588 1910 1616 no.

192 1633 379 1676 strorum
409 1633 454 1672 in
476 1629 679 1671 omnibus
696 1636 792 1670 ante
810 1630 870 1670 Te
885 1627 1132 1670 Praesulibus
1156 1627 1296 1668 novit.
1372 1628 1482 1668 Bella
1509 1628 1549 1669 &
1571 1628 1776 1670 mirabilis
1802 1645 1908 1674 con-

195 1690 370 1740 cordia,
409 1690 468 1730 Te
497 1689 705 1729 Abbatem
743 1687 937 1728 nostrum
970 1685 1411 1740 Qinquagefimum,
1442 1684 1673 1727 Professum
1705 1688 1829 1730 fimul
1859 1705 1909 1734 ac

190 1749 376 1803 Mystam
401 1746 633 1803 Jubilatum
658 1743 847 1787 existere.
903 1745 1035 1799 Qod
1060 1743 1236 1798 quidem
1259 1742 1441 1784 Trinum
1463 1745 1609 1785 Tuum
1632 1752 1684 1786 ut
1708 1746 1829 1787 omni
1852 1761 1908 1792 ex

198 1817 320 1863 parte
339 1806 570 1859 perfeEtum
589 1804 740 1845 evadat
756 1833 768 1854 ‚
799 1802 1109 1857 gratulantibus
1128 1801 1222 1843 Tibi
1240 1802 1392 1855 adepta
1409 1799 1488 1853 iam
1505 1801 1644 1856 Jubila
1660 1832 1672 1853 ‚
1701 1803 1744 1844 id
1769 1818 1911 1850 unum

191 1864 378 1919 superest
398 1871 557 1905 votum
575 1892 586 1913 ,
616 1869 667 1902 ut
690 1861 848 1915 pariter
866 1861 911 1902 in
930 1861 1148 1902 Praesulare
1165 1859 1369 1913 Regimen
1389 1857 1817 1913 Qinquagenarium
1833 1876 1910 1907 ex·
1943 1854 1949 1858 ⁶

192 1926 360 1979 pletum
380 1935 426 1962 ea
443 1951 455 1971 ‚
485 1934 568 1975 qua
584 1919 718 1960 modo
736 1932 779 1960 es
801 1949 813 1969 ‚
839 1918 1088 1973 Integritate
1103 1920 1125 1958 ἐι
1145 1918 1266 1959 DEO
1284 1919 1472 1958 servatus
1488 1946 1501 1966 ‚
1529 1917 1776 1971 Campililio
1825 1935 1907 1964 no-

194 1982 282 2024 stro
302 1980 557 2033 Exemplum
581 1978 729 2019 evadas
749 1979 835 2018 fine
852 1978 1067 2031 exemplo,
1124 1975 1228 2028 Qo
1248 1977 1353 2016 dum
1371 1974 1636 2028 conspirant,
1657 1977 1910 2034 semperque

194 2038 498 2093 conspirabunt
517 2037 633 2078 Vota
652 2065 664 2087 ‚
697 2049 840 2089 preces
859 2066 871 2086 ‚
905 2049 949 2076 ac
965 2033 1171 2076 Sacrificia
1203 2033 1345 2075 nostra
1361 2062 1374 2082 ,
1404 2030 1485 2084 jam
1506 2045 1646 2073 unum
1663 2035 1747 2076 hoc
1764 2038 1913 2091 super...

197 2097 255 2139 est
274 2127 287 2147 ,
316 2104 366 2137 ut
384 2094 603 2136 unanimes
619 2101 716 2135 ante
734 2096 792 2135 Te
814 2094 857 2134 in
876 2106 1014 2147 genua
1024 2093 1298 2146 procidentes
1315 2121 1328 2142 ‚
1358 2090 1564 2144 Jubileam
1585 2091 1710 2132 nobis
1729 2094 1908 2138 Benedi-¹

194 2155 378 2198 &ionem
397 2156 529 2194 Tuam
545 2151 790 2206 suppliciter
809 2161 1061 2198 exoremu8‚
1088 2146 1311 2204 libatoque
1332 2148 1570 2191 Sacerrimis
1587 2149 1786 2193 Manibus
1804 2155 1909 2196 Tuis

302 2209 574 2257 devotiffimo
600 2211 758 2251 Osculo
777 2240 790 2262 ,
820 2211 949 2251 fidem
978 2207 1214 2257 dierorum,
1243 2209 1363 2248 velut
1380 2203 1582 2261 impreffo
1601 2210 1793 2264 quodam

499 2268 664 2322 Sigillo,
694 2267 741 2310 in
776 2274 1028 2323 perpetuam
1064 2274 1192 2306 tantae
1233 2265 1308 2308 Rei
1345 2264 1600 2307 memoriam

908 2325 1191 2376 obfignemus.
