2122 3507
173 177 313 240 tuit.
408 173 633 236 Limen
670 164 853 228 illum
890 162 1054 226 dicas
1097 159 1366 226 fortunae
1407 165 1651 227 omnis:
1702 164 1882 227 Litus

177 278 519 347 optatum:
569 256 832 318 Lituum
876 251 1121 334 optime
1179 253 1586 315 ominantem.
1680 252 1887 315 Locu-

175 353 308 437 ples
354 347 440 411 est
492 344 708 426 Copiae
757 360 1002 405 cornu:
1053 339 1300 403 Locum
1345 340 1544 423 aperit
1572 389 1589 417 ,
1639 340 1702 402 in
1751 358 1887 423 quo

172 442 417 503 bonum
472 430 560 494 est
622 451 737 494 nos
786 426 901 492 efle
942 450 955 491 :
1024 428 1379 492 Lucrorum
1439 423 1890 491 immensorum

180 522 478 609 expandit
522 517 857 582 officinam.
955 518 1193 581 Contra
1242 518 1394 580 vero
1438 513 1731 597 nunquid
1779 514 1890 577 La-

175 613 431 678 boribus
495 609 777 692 quietem
815 658 831 687 ,
881 605 1242 688 Lachrymis
1300 604 1493 667 finem
1533 654 1551 684 ,
1601 603 1892 684 Languo-

176 702 348 765 ribus
392 695 704 761 medelam
734 747 751 777 ,
801 693 1102 777 Lapsibus
1141 694 1386 756 veniam
1423 743 1440 770 ‚
1491 691 1759 774 Laqueis
1804 689 1892 752 di-

174 789 585 872 ruptionem,
636 783 883 848 Litibus
925 783 1309 860 terminum,
1360 776 1655 844 solamina
1684 776 1896 840 Ludi-

171 879 288 940 bus
335 874 632 938 omnibus
677 871 1058 956 pollicetur,
1110 868 1177 934 &c
1228 867 1487 952 praestat.
1586 866 1896 953 Qlisquis

173 965 301 1028 haec
332 977 502 1027 tanta
543 983 612 1024 ac
649 960 790 1024 talia
827 961 1002 1023 Anni
1049 956 1282 1039 Jubilei
1328 958 1638 1040 praeconia
1684 951 1897 1017 obstu-

175 1048 407 1136 pescit,
470 1050 825 1113 Leviticum
912 1043 1191 1131 inspiciat
1234 1098 1253 1128 ,
1318 1045 1387 1111 ἃ
1446 1066 1587 1129 quae
1658 1042 1898 1107 ibidem

175 1140 402 1205 DEUS
433 1158 552 1221 pro
600 1137 723 1199 hoc
757 1137 954 1199 Anno
981 1150 1293 1220 praecepta
1322 1134 1385 1197 in
1427 1135 1604 1197 omni
1643 1129 1898 1217 populo

174 1225 286 1290 suo
353 1225 554 1289 elefto
618 1223 883 1286 ediderit
927 1274 946 1302 ,
1010 1221 1344 1286 studiosiuS
1407 1223 1685 1305 relegat:
1738 1239 1899 1304 quo-

174 1334 318 1379 rum
367 1312 683 1394 praecipua
734 1324 910 1370 erant
938 1357 956 1387 ,
1006 1324 1082 1370 ut
1133 1310 1209 1370 ab
1257 1312 1435 1374 omni
1486 1310 1699 1375 labore
1759 1308 1900 1371 uni-

174 1396 338 1464 versa
388 1414 550 1459 terra
601 1392 781 1456 Israel
841 1396 1039 1454 Anno
1086 1392 1196 1456 illo
1247 1408 1389 1458 toto
1442 1393 1900 1478 requiesceret,

168 1485 395 1550 sereret
462 1501 654 1544 nemo
695 1530 713 1561 ,
776 1497 969 1541 nemo
1036 1480 1225 1541 etiam
1294 1495 1561 1541 meteret
1599 1529 1616 1556 ,
1682 1499 1903 1546 omnes

172 1592 368 1660 porro
430 1566 617 1632 solius
682 1568 829 1630 anni
900 1565 1309 1650 praecedentis
1369 1564 1752 1629 abundantia
1816 1570 1904 1632 vi-

170 1674 433 1727 verent:
484 1673 558 1720 ut
613 1656 827 1719 omnia
881 1654 1091 1717 debita
1153 1652 1569 1719 creditoribus
1625 1655 1903 1719 remitte-

174 1764 395 1815 rentur
436 1768 449 1810 :
501 1761 575 1809 ut
633 1742 887 1827 fingulae
944 1740 1345 1827 poffeffiones
1403 1759 1583 1807 antea
1630 1743 1902 1809 venditae

175 1836 453 1903 redirent
519 1833 594 1899 ad
652 1831 946 1918 pristinos
997 1831 1345 1896 dominos:
1419 1846 1493 1896 ut
1559 1831 1830 1896 universi
1883 1883 1904 1914 ,

180 1938 510 2011 quotquot
548 1918 838 1986 servitute
872 1919 948 1984 ad
995 1919 1153 1984 illud
1198 1916 1395 2005 usque
1453 1936 1711 2006 tempus
1764 1941 1906 2007 pre-

181 2029 508 2078 merentur
539 2061 556 2090 ,
622 2009 797 2073 liberi
857 2010 1116 2073 abirent.
1229 2011 1639 2096 Quamquam
1704 2030 1902 2094 porro

176 2102 308 2166 haec
352 2097 592 2182 fingula
633 2096 945 2161 Beneficia
983 2147 1002 2175 ,
1052 2117 1192 2180 quae
1239 2099 1305 2161 in
1352 2100 1547 2162 veteri
1595 2098 1729 2182 lege
1788 2119 1904 2182 po-

176 2187 335 2274 pulo
399 2187 657 2250 Hebreo
728 2183 1140 2267 corporaliter
1221 2188 1615 2269 contigerant
1641 2239 1659 2267 ,
1709 2186 1904 2250 hodie

185 2275 542 2340 cessaverint
580 2325 596 2353 ,
647 2272 992 2358 perdurant
1050 2273 1464 2339 nihilominus
1522 2277 1587 2339 in
1637 2274 1905 2357 Jubileis

184 2361 407 2429 nostris
438 2359 891 2446 spiritualibUS‚
928 2361 1161 2445 quibus
1191 2360 1377 2445 plena
1406 2364 1758 2428 Animabus
1791 2384 1908 2428 no-

184 2451 319 2517 stris
362 2471 473 2534 per
521 2449 986 2534 plenitudinem
1027 2449 1574 2533 Indulgentiarum
1614 2451 1902 2530 libertas>

188 2536 458 2603 remiffio
476 2590 493 2617 ,
517 2541 695 2602 venia
716 2590 732 2618 ,
771 2538 839 2604 δε
857 2539 1103 2622 requies
1120 2590 1136 2619 ,
1160 2537 1236 2601 ad
1252 2540 1473 2603 veteris
1492 2539 1689 2621 Jubili
1720 2535 1901 2603 Israe-

183 2627 335 2691 litici
406 2625 914 2707 similitudinem,
956 2626 1141 2690 lucris
1189 2626 1397 2690 multo
1439 2627 1853 2710 amplioribus
1879 2678 1901 2708 ,

185 2714 344 2779 stato
371 2713 658 2799 quolibet
682 2732 971 2801 tempore
997 2711 1432 2800 consequenda
1457 2714 1738 2779 offertur.
1788 2715 1897 2779 Fe-

189 2803 276 2867 lix
310 2805 520 2887 itaque
558 2803 788 2886 Jubilei
838 2805 1378 2890 Qlinquagenarij
1422 2820 1573 2868 nota
1603 2805 1899 2889 princeps

189 2891 391 2956 littera
414 2891 482 2956 L.
510 2894 733 2977 utique
757 2893 1066 2977 Linguam
1095 2891 1414 2978 postulans
1446 2889 1729 2956 disertam
1746 2945 1761 2974 ‚
1785 2894 1898 2956 La-

186 2980 285 3042 bia
315 2980 614 3045 facunda:
643 2981 709 3047 δε
745 2980 790 3043 fi
815 2979 1309 3046 ver-eseeundtm
1337 2981 1597 3047 DEUM
1619 2978 1896 3061 senseris,

188 3072 363 3133 omni
390 3069 627 3155 Lapide
657 3068 931 3156 pretiolo
967 3069 1338 3138 adornanda.

1628 3159 1892 3223 Verum-
