2122 3507
848 112 991 161 {effic
1013 125 1038 152 0
1063 112 1208 162 >5318ss
1865 135 1888 172 7

166 207 259 241 tum
276 227 289 248 ,
324 197 442 251 quod
468 198 637 247 sumus,
667 203 819 238 aeterna
842 197 1100 249 gratitudine
1125 198 1358 250 rependere
1384 197 1718 253 obstringimur?
1754 204 1891 246 Maxi‘

165 257 235 297 me
256 265 396 296 autem
415 255 558 297 Patriae
579 253 838 304 dulciffimae,
870 268 962 308 quae
992 268 1070 296 nos
1101 257 1206 296 adeo
1239 255 1308 308 pie
1329 257 1366 298 ἅ*
1395 257 1621 298 liberaliter
1639 259 1758 299 omni
1781 270 1889 303 tem-

165 327 274 368 pore
294 314 426 363 fovit,
462 315 778 354 Ornamentum
802 325 952 362 omne,
984 315 1025 355 &
1055 313 1270 361 Gloriam,
1301 327 1601 369 quamcunque
1632 317 1887 360 redhostiare

162 371 365 421 licuerat,
398 385 477 412 nos
497 370 678 412 debuiffe
699 369 964 423 credidimus.
1023 369 1156 422 Cujus
1184 370 1445 412 nobiliffimae
1466 373 1719 424 Provinciae,
1749 375 1788 417 ἅ*
1817 377 1886 416 Se-

160 427 476 470 reniffimorum
497 438 623 483 atque
642 426 1043 481 Augustiliimorum
1061 428 1306 481 Principum
1324 432 1498 470 suorum
1515 432 1661 472 Gloria
1682 433 1780 486 quia
1790 447 1884 474 om-

160 487 281 528 nium
303 487 586 540 Imperiorum
616 485 847 527 Historiam
867 485 1125 539 ingreditur,
1160 486 1351 540 quisquis
1376 489 1513 529 Fastos
1544 490 1782 531 Austriacos
1801 492 1883 532 rite

160 548 341 586 condere
358 544 500 598 cupit,
530 558 618 584 non
635 544 775 598 potest
801 558 888 584 non
909 546 1020 598 quali
1038 547 1245 598 quosdam
1268 545 1402 585 totius
1424 547 1551 587 Orbis
1570 551 1748 589 Annales
1779 563 1881 591 con-

158 603 294 644 ficere.

274 659 397 701 Tanti
422 668 563 700 tamen
584 659 820 712 argumenti
845 658 1168 712 amplitudinem
1188 673 1231 698 ea
1249 661 1338 712 lege
1361 661 1642 714 constringam
1661 693 1672 712 ‚
1703 673 1754 705 ut
1770 679 1879 706 non·-

160 718 234 758 nifi
249 747 261 768 ,
290 731 383 771 quoe
404 719 452 758 ad
473 718 592 758 filum
611 719 695 757 live
714 717 855 758 Patriae
872 748 882 765 ‚
915 719 998 756 live
1016 717 1270 758 Domesticae
1289 718 1484 758 Historiae
1503 723 1570 760 vel
1583 721 1708 761 initio
1725 723 1876 770 statim,

156 777 223 815 vel
243 776 384 829 postea
399 777 513 829 lapsu
534 785 781 829 temporum
801 775 979 814 attinere
999 786 1234 827 caeperunt,
1264 775 1456 829 scitt'ique
1487 791 1533 817 ac
1552 789 1702 819 notatu
1723 780 1877 833 dignis-

153 836 251 873 fima
267 835 386 882 sunt,
416 832 658 874 breviffimo
680 832 938 885 compendio
958 831 1186 881 inlinuem,
1217 832 1384 885 potitis,
1418 837 1549 886 quam
1568 849 1768 878 enarrem.
1825 840 1873 878 In

152 891 308 945 quibus
338 905 435 932 cura
460 891 598 931 omnis
619 890 722 930 mihi
749 890 829 930 erit
850 890 1153 942 Chronologiee
1179 892 1307 943 quam
1331 891 1581 932 exaffliffime
1604 895 1873 944 adnotandae,

151 951 188 991 ἃ
210 958 259 990 ut
277 950 378 989 faaa
397 951 574 1001 lingula,
604 949 689 987 five
713 947 1036 1001 Diplomatum,
1067 950 1150 987 five
1179 950 1417 1000 proborum
1449 949 1711 1003 Scriptorum
1731 954 1872 994 candi-

149 1008 201 1047 de
226 1008 447 1046 allatorum
469 1006 551 1046 fide
571 1006 610 1045 ἃ*
629 1004 912 1052 authoritate,
941 1005 1059 1044 annis
1081 1005 1231 1046 debitis
1252 1005 1333 1046 rite
1354 1005 1551 1059 affignare
1571 1011 1752 1059 valeam,
1786 1011 1871 1052 stu..

146 1064 219 1105 dio
235 1061 452 1117 potiffimo
472 1065 742 1104 contendam.
799 1064 901 1113 Qo
930 1063 1035 1103 vero
1066 1063 1225 1104 felicius
1257 1066 1549 1106 confusionem
1583 1079 1756 1108 omnem
1786 1070 1823 1110 ἅ*
1847 1072 1871 1110 a.

145 1124 304 1162 calamo
334 1135 456 1171 meo,
493 1122 597 1162 &ab
620 1121 764 1162 animo
792 1120 1026 1174 legentium
1051 1124 1199 1163 tollere
1227 1121 1367 1171 liceat,
1397 1123 1494 1163 anni
1515 1122 1737 1175 cujuslibet
1758 1126 1870 1177 gesta.

143 1181 338 1233 paralello
359 1192 435 1231 per
454 1188 598 1220 totum
617 1179 766 1220 ordine
789 1178 944 1232 triplici
963 1182 1225 1233 paragrapho
1240 1181 1384 1221 secabo
1403 1194 1412 1220 ε
1443 1194 1633 1235 quorum
1657 1191 1755 1223 1311112
1774 1184 1871 1224 ubi.

144 1251 230 1292 que
252 1238 328 1278 Res
350 1237 523 1278 Ordinis
546 1238 700 1288 nostri,
741 1234 837 1277 a.dus
852 1238 929 1278 Res
948 1237 1214 1289 Monasterij,
1252 1237 1347 1286 3.¹i¹³³
1370 1241 1541 1280 tandem
1571 1241 1648 1281 Res
1678 1242 1867 1295 publicas

143 1296 465 1347 complectetur.
521 1296 612 1336 Fiet
631 1297 714 1335 hoc
734 1295 879 1347 pasto,
912 1294 1100 1334 maximo
1121 1295 1270 1347 utique
1288 1295 1514 1336 Le&orum
1530 1301 1786 1350 commodo,
1815 1310 1867 1341 ut

142 1353 286 1407 quivis
315 1366 662 1406 unamquamque
681 1351 912 1393 Historiam
929 1381 941 1400 ,
972 1351 1046 1392 nili
1068 1351 1337 1405 conjunctam
1356 1355 1491 1407 legere
1512 1355 1659 1405 libeat,
1688 1358 1865 1410 fingilla-

141 1411 222 1451 tim
240 1419 337 1451 toto
355 1410 400 1450 in
417 1423 547 1463 opere
564 1411 816 1463 pervolvere
835 1417 986 1462 queat:
1016 1410 1149 1449 modo
1170 1409 1244 1462 qui
1265 1423 1351 1452 mc,
1373 1413 1501 1451 solam
1516 1412 1749 1454 Historiam
1780 1416 1865 1456 Or-

144 1468 253 1510 dinis
272 1468 412 1520 cupit,
442 1467 628 1521 primum
646 1467 806 1519 ubique
828 1467 1157 1518 paragraphum,
1189 1465 1263 1518 qui
1290 1467 1396 1506 vero
1425 1469 1502 1507 Res
1519 1469 1759 1524 Monasterij
1783 1487 1863 1513 no-

140 1528 250 1567 scere
280 1535 397 1573 avet,
428 1526 740 1577 paragraphum
772 1519 896 1562 ‘adium’
926 1523 1000 1575 qui
1027 1524 1111 1563 sola
1143 1523 1243 1562 Acta
1272 1523 1438 1576 publica
1463 1526 1638 1578 quaerit,
1670 1541 1863 1582 paragra-

142 1585 280 1638 phum
301 1580 411 1630 3t¹¹¹¹³²s
424 1578 581 1621 omiffis
598 1579 775 1630 caeteris,
794 1579 839 1620 in
858 1579 1056 1621 omnibus
1069 1580 1229 1633 paginis
1248 1582 1379 1622 adeat.
1434 1581 1568 1637 Cujus
1586 1584 1760 1638 quidem
1771 1600 1862 1627 me-

138 1639 287 1689 thodi‚
317 1651 411 1692 quae
429 1638 536 1680 mihi
553 1635 914 1693 opportuniffima
940 1637 1026 1680 visa
1045 1638 1124 1689 est,
1155 1640 1321 1680 nullum
1348 1640 1487 1682 adhuc
1513 1644 1759 1696 exemplum
1787 1644 1860 1686 ali-

139 1697 237 1740 cubi
262 1697 434 1737 offendi.

254 1756 469 1796 Caeterum
496 1769 587 1796 non
612 1756 740 1797 deero
763 1753 956 1809 partibus
977 1753 1079 1794 meis
1097 1785 1109 1804 ,
1136 1754 1386 1810 Diplomata
1407 1756 1473 1799 illa
1492 1757 1655 1811 nostra,
1687 1762 1757 1802 vel
1784 1775 1859 1803 cu-

134 1812 370 1868 juscunque
388 1813 551 1866 generis
567 1813 765 1862 Chai-tas,
798 1825 900 1867 quas
923 1812 1232 1854 Probationum
1262 1816 1399 1857 vicem
1428 1816 1566 1857 subire
1585 1818 1857 1860 neceffarium

132 1872 234 1921 erit,
267 1872 350 1910 five
365 1873 462 1911 loco
483 1871 663 1925 proprio
685 1870 916 1920 inserendi,
947 1871 1032 1910 five
1048 1871 1174 1912 etiam
1192 1872 1236 1913 in
1254 1875 1361 1914 calce
1379 1874 1504 1915 Tomi
1525 1888 1602 1928 per
1618 1879 1855 1927 extensum,

133 1929 304 1982 fideque
333 1928 602 1982 integerrima
632 1928 891 1970 annectendi.
946 1928 1113 1970 Parcior
1140 1939 1282 1971 tamen
1312 1930 1355 1971 in
1379 1931 1443 1971 his
1472 1946 1545 1972 ero
1564 1963 1576 1982 ,
1609 1948 1747 1988 neque
1770 1938 1856 1976 fine

130 1986 345 2028 manifesta
363 1997 436 2027 aut
455 1986 716 2036 necestitate,
744 1988 812 2028 vel
828 1985 1032 2038 utilitate,
1051 2001 1129 2042 per
1149 1989 1256 2039 baec,
1279 1989 1318 2032 &
1335 1988 1606 2044 hujusmodi,
1622 1993 1854 2035 Volumina

131 2044 488 2087 mstraonembo.

646 2149 719 2235 T
771 2149 851 2235 O
902 2147 993 2234 M
1043 2149 1080 2235 Ι
1178 2151 1326 2238 Hff·

601 2275 980 2365 Conspetffls
1043 2282 1374 2365 peculiaris·

270 2405 312 2446 Ic
341 2404 494 2446 ToMus
514 2402 603 2459 pari
625 2403 796 2455 ordine,
827 2419 872 2446 ac
890 2405 1120 2454 methodo,
1146 2420 1229 2460 qua
1251 2406 1392 2462 prior,
1426 2406 1543 2451 Parte
1561 2408 1636 2450 Im·
1654 2409 1849 2452 contine-

124 2408 267 2546 H
299 2462 360 2503 bit
394 2460 518 2514 Fastos
548 2463 794 2503 Seculorum
822 2463 1069 2504 nostrorum
1099 2461 1215 2518 Tertij
1229 2480 1274 2508 ac
1288 2466 1452 2523 Qash,
1484 2468 1640 2510 Christi
1661 2469 1785 2510 XV.1¹'
1805 2470 1846 2511 ὁὶ

297 2519 438 2561 XVI.ti
463 2532 474 2560 ε
520 2519 622 2561 Pars
642 2533 747 2561 vero
777 2517 870 2561 [15³³
888 2521 1028 2562 Fastos
1056 2522 1333 2564 Residuorum
1361 2526 1610 2567 Seculorum
1638 2540 1775 2581 usque
1801 2527 1845 2568 in

127 2581 315 2633 praesens.
371 2577 524 2620 Seculis
542 2587 683 2619 tamen
704 2579 864 2620 ultimis
883 2578 1115 2620 Historiam
1133 2588 1217 2622 tam
1235 2582 1432 2633 Ordinis,
1462 2587 1589 2638 quam
1607 2585 1817 2638 publicam
1831 2614 1845 2635 ‚

125 2637 293 2678 aliunde
309 2638 377 2677 vel
402 2636 446 2678 in
469 2638 623 2690 vulgus
643 2645 812 2687 notam,
843 2638 952 2678 vele
978 2640 1183 2678 converso
1211 2640 1395 2682 maxima
1423 2643 1484 2682 sui
1515 2652 1634 2697 parte
1664 2643 1812 2684 tetiam
1830 2672 1842 2691 ‚

124 2697 256 2736 relatu
278 2703 476 2748 praeterea
495 2695 734 2743 delicatam,
765 2695 952 2750 parcius,
980 2695 1162 2736 dictante
1186 2699 1412 2750 prudentia
1429 2729 1440 2748 ,
1470 2703 1660 2742 referam.
1723 2701 1844 2741 Man-

125 2752 223 2793 tiflae
246 2752 344 2793 loco
361 2753 430 2793 hic
448 2755 599 2793 TOMus
621 2765 828 2794 annexam
853 2752 927 2793 fibi
950 2754 1123 2795 habebit
1151 2753 1564 2799 commentatiunculam
1585 2761 1637 2800 de
1660 2760 1843 2799 Externa

126 2809 375 2864 internaque
394 2810 599 2853 hodierna
615 2810 855 2864 Monasterij
875 2810 1012 2862 Facie,
1041 2826 1087 2852 ac
1105 2812 1316 2865 praecipue
1331 2816 1382 2855 de
1397 2815 1677 2865 Bibliotheca,
1702 2814 1841 2868 eoque

125 2868 426 2919 attinentibus,
457 2869 521 2910 uti
546 2866 714 2919 MSSJiS,
744 2868 1016 2910 Editionibus
1046 2870 1297 2919 Veteribus,
1326 2873 1685 2926 Numophilaci0‚
1713 2882 1841 2926 atque

124 2923 407 2977 Scriptoribus
441 2926 706 2968 Domesticis.
767 2928 834 2968 De
852 2926 1008 2980 quibus
1032 2929 1138 2968 vero
1159 2929 1359 2985 omnibus
1375 2931 1508 2973 stricta
1523 2931 1738 2980 oratione,
1766 2944 1842 2970 ne-

125 2995 210 3037 que
227 2983 509 3035 ambitiosius,
539 2994 669 3039 atque
685 2985 745 3026 rei
762 2985 941 3039 dignitas
956 2985 1118 3040 exiget,
1149 2986 1377 3030 differetur.

236 3057 451 3110 Qoniam
469 3069 610 3102 autem
626 3058 1036 3102 Reverendiffirnum
1058 3062 1112 3102 D.
1136 3063 1431 3104 PRAESULEM
1448 3061 1664 3111 nostrum,
1694 3058 1772 3112 iarn
1785 3062 1841 3101 se-

124 3117 230 3169 mel,
250 3129 296 3158 ac
314 3116 494 3170 iterum,
520 3117 779 3162 Profeffione
795 3118 993 3219 videlifiet
1012 3133 1059 3162 ac
1084 3121 1350 3174 Sacerdotio,
1366 3118 1577 3176 jubileum,
1603 3120 1714 3162 reete
1732 3133 1838 3183 con-

979 3189 1004 3219 2
1708 3184 1837 3232 tingit
