2122 3507
825 155 970 204 Ξᾶἓξῷ(
991 169 1017 195 0
1040 156 1187 206 Κᾷἓθὲ
1842 179 1864 217 3

142 244 306 293 partem
327 240 506 289 versata,
537 238 740 280 universae
765 238 1018 292 Scriptionis
1048 254 1151 281 meae
1168 241 1496 284 fundamentum
1526 243 1646 284 omni
1672 257 1728 287 ex
1744 257 1864 300 parte

143 300 274 350 quam
295 295 533 338 solidiflime
554 309 782 351 ponerem,
813 296 943 351 idque
971 312 1068 339 cum
1097 298 1354 352 sapientibus
1383 302 1628 343 Architeais
1650 303 1798 356 primis
1818 306 1863 347 in

146 354 258 394 curis
289 356 508 406 haberem,
538 364 765 408 antequam
789 363 978 396 caeteram
1000 370 1174 397 omnem
1192 356 1389 398 Historiae
1406 360 1556 402 nostrae
1578 360 1774 403 fabricam
1793 377 1864 417 ag-

143 413 362 465 grederer:
401 413 717 467 quantumlibet
745 411 917 454 interim
953 414 1035 455 diei
1063 415 1102 456 &
1132 415 1236 456 lucis
1265 416 1352 455 haee
1379 418 1653 459 fundamenta
1672 423 1863 474 reposce-

140 479 250 512 rent.

252 527 416 569 Primus
436 527 580 582 itaque
598 527 703 568 mihi
735 527 932 570 haetenus
949 531 1068 570 labor
1090 529 1173 570 fuit
1188 530 1227 570 &
1243 544 1375 580 unu3,
1408 534 1500 573 sane
1516 542 1657 574 autem
1678 536 1858 588 ferreus,

140 586 246 628 circa
277 585 528 627 Archivium
558 586 752 628 nostrum
774 586 830 627 ita
848 588 1148 629 excutiendum
1166 617 1177 636 ,
1210 588 1505 641 digerendum,
1534 594 1855 644 recensendum,

141 653 190 686 ut
215 644 320 685 nihil
337 657 483 684 eorum
498 674 510 693 ‚
541 657 634 697 quae
657 645 846 685 conferre
866 646 967 687 illud
989 644 1116 699 poffit
1131 647 1179 685 ad
1203 647 1324 685 usum
1343 649 1582 698 eruditum,
1612 664 1678 690 me
1690 651 1857 704 uspiam

139 704 326 755 fugeret,
358 715 445 741 non
466 703 645 751 factum,
678 716 766 742 non
794 706 992 755 persona,
1023 717 1110 743 non
1128 705 1267 752 locus,
1296 717 1385 743 non
1408 719 1564 755 annus,
1596 709 1739 748 omnia
1756 722 1856 762 por-

140 773 189 799 ro
207 759 251 799 in
270 760 547 810 Adversariis,
576 759 726 801 ordine
744 761 914 813 optimo
935 760 1101 814 digestis
1116 791 1127 809 ,
1158 763 1206 800 ad
1226 770 1379 800 nutum
1399 763 1503 802 mihi
1522 766 1685 818 semper
1707 767 1745 807 δι
1776 780 1855 807 un-

141 817 270 872 dique
300 827 469 869 promta
498 826 626 871 atque
646 817 950 871 expeditiffima
967 820 1195 858 redderem.
1253 819 1317 858 Sic
1336 819 1503 859 effi-affl>
1524 822 1741 864 duriffimo
1761 839 1855 865 cor-

138 874 242 925 tice,
273 874 384 915 illico
408 874 687 916 dulciffimum
712 877 908 915 nucleum
927 877 1048 925 lensi,
1079 878 1147 915 sua
1169 875 1303 916 veluti
1321 878 1472 930 sponte
1489 880 1627 920 Tomo
1649 884 1770 934 plane
1792 882 1853 935 ju-

139 933 227 983 stO,
257 929 395 986 eoque
425 933 1063 987 Diplomatico-Genealogico,
1093 933 1197 973 mihi
1227 934 1338 974 inter
1367 948 1514 975 manus
1544 947 1693 978 emto:
1723 953 1853 992 quem

137 990 322 1031 Eruditis
352 990 575 1039 omnibus,
604 990 649 1030 in
679 992 755 1031 hac
782 1000 903 1044 parte
934 990 1102 1031 versatis
1120 1022 1131 1041 ,
1162 992 1200 1032 ἅ*
1219 1005 1406 1045 quorum
1428 995 1512 1035 hoc
1538 999 1852 1048 Argumentum

135 1047 353 1095 intererit,
383 1049 691 1100 percommodo
725 1048 817 1088 usui
849 1048 926 1089 effe
955 1049 1070 1103 poffe
1086 1079 1098 1098 ,
1128 1052 1259 1090 multa
1279 1050 1382 1090 mihi
1405 1066 1502 1092 cum
1526 1053 1679 1094 fiducia
1698 1057 1853 1110 adpro.

137 1104 281 1146 mitto.
335 1105 518 1159 Reliquae
545 1105 743 1148 Historiae
761 1107 954 1148 materies
976 1107 1132 1161 pariter
1155 1107 1321 1149 inlimul
1344 1106 1423 1162 jam
1440 1110 1589 1163 praesto
1612 1112 1681 1153 est.

246 1171 351 1210 Duo
378 1184 510 1222 porro
527 1169 572 1210 in
591 1170 710 1210 omni
729 1171 812 1212 hoc
833 1172 976 1224 Opere
997 1172 1121 1213 unice
1142 1173 1247 1212 mihi
1277 1176 1460 1214 curanda
1489 1175 1707 1229 proposui.
1762 1175 1852 1216 Pri-

133 1229 275 1277 mi1m,
304 1236 353 1268 ut
368 1228 421 1268 Iis
443 1228 668 1277 omnibus,
699 1242 889 1282 quorum
915 1230 1117 1271 Munifica
1148 1231 1303 1271 Pietate
1324 1232 1525 1282 surrexit,
1556 1233 1711 1282 crevit,
1744 1234 1783 1275 &
1805 1234 1851 1276 in

134 1287 241 1327 hanc
261 1299 396 1340 usque
418 1286 529 1327 diem
546 1286 722 1327 feliciter
740 1287 889 1327 floruit
907 1288 1095 1338 Campus
1110 1287 1337 1338 Liliorum,
1369 1293 1769 1344 quantuluscunque
1784 1306 1851 1332 ca·-

132 1345 265 1385 lamus
285 1357 403 1385 meus
421 1358 552 1385 omne
571 1342 696 1396 officii
718 1356 870 1397 genuS,
902 1357 1067 1384 memor
1088 1345 1423 1396 benefaaorum,
1459 1346 1749 1389 studiofiffime
1768 1349 1850 1389 im-

132 1403 358 1455 penderet,
389 1401 577 1442 Nomina
605 1413 757 1442 eorum
785 1414 883 1442 cum
900 1403 1024 1442 laude
1042 1410 1095 1442 ex
1117 1403 1384 1455 Antiquitate
1399 1405 1685 1456 revindicans‚
1714 1405 1848 1461 inque

134 1461 274 1500 Secula
290 1468 472 1499 ventura
489 1458 791 1500 transmittens.
844 1459 965 1498 Unde
981 1459 1020 1498 ὅτ
1038 1457 1136 1507 Fasti
1152 1459 1306 1507 nostri,
1335 1460 1529 1512 propitio
1559 1463 1679 1503 DEO
1708 1466 1848 1506 lucem

135 1517 362 1570 aliquando
393 1516 545 1563 visuri,
575 1516 686 1554 illico
714 1515 759 1554 in
781 1515 924 1554 fronte
941 1516 1049 1555 hanc
1076 1515 1344 1568 Epigraphen
1374 1518 1620 1570 praeferent:
1660 1521 1847 1562 GRATA

133 1575 241 1616 PRO
270 1574 482 1613 GRATIIS
514 1572 791 1612 MEMORIA.
873 1573 1087 1622 Alterum,
1119 1582 1167 1613 ut
1186 1573 1321 1614 Filum
1338 1574 1536 1616 Historiae
1556 1577 1845 1631 Chronologi-

136 1645 256 1681 cum,
285 1631 408 1670 semel
437 1638 643 1683 caeptum,
671 1631 792 1669 nullo
822 1627 904 1670 alio
935 1640 1187 1685 argumento
1209 1629 1426 1686 interjecto
1444 1662 1456 1682 ,
1485 1637 1604 1687 quod
1625 1635 1847 1678 Leaorem

132 1689 356 1732 distrahere
384 1685 521 1740 posset
539 1715 551 1737 ,
579 1687 731 1729 alicubi
762 1690 988 1730 turbarem.
1068 1689 1346 1743 Qapropter
1362 1719 1374 1741 ,
1406 1703 1671 1746 quaecunque
1698 1694 1846 1736 seriem

129 1749 354 1790 Annorum
369 1755 467 1787 ante
487 1754 658 1800 tempus
673 1755 996 1799 praeverterent,
1028 1747 1309 1801 peculiaribus
1338 1748 1379 1791 ὁὶ
1395 1750 1583 1804 propriis
1602 1751 1706 1793 locis
1724 1765 1845 1794 com.

128 1805 300 1848 modius
320 1805 532 1846 tractanda
549 1804 725 1845 servavi.

241 1865 393 1904 Tomus
412 1861 556 1916 itaque
578 1864 645 1902 Lus
664 1861 783 1903 Parte
806 1861 868 1903 sui
889 1861 1094 1917 1.·›1aquafi
1110 1865 1364 1915 Pmdroma,
1382 1865 1479 1919 post
1498 1866 1738 1920 Monasterij
1756 1869 1843 1910 De-

127 1920 424 1974 scriptionem‚
452 1919 503 1961 iis
530 1919 575 1960 in
595 1919 862 1973 temporibus
881 1921 1135 1973 versabitur,
1167 1936 1259 1976 quoe
1281 1922 1517 1976 praecessere
1536 1925 1660 1966 Initia
1679 1927 1841 1977 nostra,

128 1979 171 2020 δε
197 1977 465 2019 Sereniffimae
494 1976 750 2031 Ducalisque
779 1979 948 2019 Domus
976 1980 1237 2021 Fundatricis
1276 1982 1698 2024 BABENBERGICO
1715 1987 1843 2025 -AU-

126 2037 367 2077 STRIACAE
391 2035 646 2086 Historiam,
679 2036 719 2077 ὅτ
743 2036 1043 2091 Genealogiam
1058 2068 1070 2089 ,
1102 2052 1216 2079 nova
1230 2040 1323 2080 luce
1341 2041 1363 2079 a
1383 2040 1588 2090 tenebris,
1619 2040 1663 2081 in
1681 2041 1840 2096 quibus

126 2096 285 2145 adhuc,
315 2093 527 2148 praecipue
557 2095 675 2148 quod
704 2107 857 2135 verum
885 2092 1073 2144 eiusdem
1100 2096 1146 2137 in
1169 2097 1334 2138 Austria
1352 2106 1447 2137 tum
1471 2099 1715 2148 Adventus,
1745 2109 1840 2140 tum

124 2152 354 2206 Regiminis
372 2151 608 2193 Exordium
625 2152 779 2205 speffiat
797 2181 808 2201 ,
837 2151 1017 2192 omnino
1037 2152 1238 2193 delitelcit
1255 2183 1267 2203 ‚
1300 2153 1503 2194 tutissime
1525 2155 1737 2197 vindicare
1754 2157 1839 2198 stu-

125 2210 253 2251 debit.
310 2210 431 2251 Parte
450 2209 556 2250 vero
570 2209 692 2250 altera
710 2208 950 2261 primorum
970 2211 1156 2250 duorum
1176 2209 1416 2264 Monasterij
1438 2211 1569 2254 nostri
1589 2214 1840 2258 Seculorum

124 2267 312 2309 Historia
327 2275 538 2321 perpetuo
557 2265 859 2320 Chronologiae
874 2267 1037 2308 Ordine
1051 2277 1312 2322 pertexetur.
1365 2271 1517 2310 ToMus
1535 2267 1643 2310 ILd¹³³
1657 2272 1839 2313 Gemina

123 2326 282 2366 iterum
303 2324 440 2373 Parte,
477 2332 606 2378 atque
630 2332 778 2365 tenore
806 2325 1010 2366 consimili
1026 2355 1038 2376 ,
1070 2326 1446 2381 Sesqui-quatuor
1472 2329 1748 2369 Refiduorum
1769 2331 1839 2370 Se.

125 2385 321 2425 culorum
348 2383 593 2425 nostrorum
621 2381 747 2424 Gesta
772 2382 816 2423 in
847 2385 1022 2436 praesens
1047 2398 1180 2439 usque
1205 2393 1376 2439 tempus
1393 2388 1607 2438 perducet.
1684 2389 1838 2429 ToMus

126 2439 256 2482 III.tius
281 2443 400 2494 aeque
428 2440 645 2494 Bipartitus
662 2439 778 2482 dabit
805 2442 1033 2482 Recensum
1061 2443 1720 2497 Diplomatico-Genealogicum
1742 2447 1837 2486 uni-

123 2500 231 2539 verfi
260 2497 447 2552 Archivij
470 2498 613 2540 nostri.
669 2501 722 2540 Et
748 2500 837 2542 haec
854 2499 1069 2541 Generalis
1091 2499 1284 2553 Fastorum
1302 2502 1548 2544 nostrorum
1565 2503 1742 2544 Partitio
1765 2505 1836 2546 est.

124 2556 253 2597 Nunc
268 2555 601 2612 uniuscujusque
619 2555 719 2599 Tomi
735 2566 935 2599 contenta
950 2588 965 2610 ,
995 2558 1209 2607 ordinem,
1239 2574 1285 2601 ac
1310 2562 1567 2602 methodum
1585 2561 1837 2617 peculiarius

124 2614 320 2658 nonnihil
338 2628 502 2662 enarrO.

616 2719 733 2825 T
785 2719 865 2804 o
915 2720 1007 2805 M
1056 2721 1093 2807 I
1192 2721 1314 2808 1:¹2³·

589 2846 968 2935 Conspectus
1029 2851 1359 2935 peculiaris.

184 2971 229 3014 N
260 2972 376 3015 omni
392 2973 583 3030 profefflb
611 2973 721 3016 linea
744 2976 918 3023 Rerum,
947 2974 1096 3016 ordine
1125 2976 1440 3019 decurrentium
1458 3007 1470 3028 ,
1498 2976 1657 3020 summe
1679 2988 1726 3016 ac
1740 2987 1826 3029 prae

122 2981 184 3120 I
217 3031 415 3074 omnibus
433 3031 701 3075 necessarium
721 3034 799 3084 est,
827 3043 878 3075 ut
894 3033 1150 3087 principium
1167 3035 1246 3077 rite
1261 3039 1490 3078 calleamus.
1547 3036 1647 3088 Qo
1665 3033 1826 3076 etenim

213 3090 333 3144 pacto
361 3091 588 3133 secundum
609 3094 676 3132 vel
696 3092 873 3134 tertium
900 3091 1057 3146 aliquid
1080 3094 1187 3135 reae
1213 3095 1399 3136 dicemus
1423 3094 1562 3148 primo
1582 3091 1777 3144 ignorato
1806 3090 1825 3133 ἓ

124 3147 301 3193 Interim
317 3161 445 3192 nemo
459 3150 657 3193 haEoenus
674 3150 974 3251 Eruditorung,
1001 3164 1262 3208 quocunque
1275 3155 1454 3208 polleret
1468 3149 1662 3207 ingenio,
1690 3163 1826 3204 quan-

989 3220 1014 3249 2
1676 3217 1822 3254 tacun-
