2122 3507
194 169 289 233 Te
339 161 685 231 manIfestat
733 175 863 226 tam
912 158 1234 224 abundans
1298 157 1667 225 Benedictio
1708 159 1907 227 DEI:

193 257 516 322 Coronam
557 251 763 313 Tuam
820 265 1042 311 omnes
1116 246 1306 311 hodie
1371 247 1468 312 his
1545 248 1745 315 oculis
1795 269 1911 314 no-

190 343 325 412 stris
357 337 782 406 venerabundi
821 331 1202 419 suspeximus
1250 337 1316 401 in
1355 336 1536 400 Serto
1562 336 1909 402 Exultatio-

193 432 292 499 nis
318 430 469 493 Tuae
495 425 751 508 Jubileo
785 473 806 504 ,
852 443 987 509 quo
1025 439 1170 487 ante
1208 444 1327 489 nos
1368 423 1536 488 haud
1564 422 1733 487 secus
1758 474 1777 506 ,
1824 440 1912 489 at-

193 539 322 602 que
363 514 660 580 Salomon
702 510 860 576 olim
895 513 961 576 in
1004 510 1373 577 Diademate
1414 509 1526 576 suo
1575 527 1719 576 ante
1757 509 1917 577 filias⁴

190 602 370 673 Istael
395 653 415 683 ,
463 599 660 686 gloria
687 601 880 683 magis
913 599 981 667 δε
1007 600 1254 665 honore
1283 650 1303 680 ,
1351 601 1546 684 quam
1600 599 1866 664 fioribus
1893 650 1915 679 ,

188 705 528 757 coronatus
573 685 932 774 proceffisti.
1028 689 1190 774 Qis
1232 708 1430 772 porro
1475 684 1686 772 sapere
1724 682 1858 751 latis
1892 737 1910 766 ,

191 781 335 865 quis
387 798 609 863 capere
663 791 857 862 queat
902 775 1399 861 Epithalamium
1451 774 1609 840 illud
1647 772 1912 839 dulciffi-

191 888 372 933 mum
398 917 416 948 ,
466 867 724 932 Cantica
768 863 870 928 illa
900 864 1205 950 nuptialia
1230 914 1249 944 ,
1298 865 1480 948 ignea
1508 862 1613 929 illa
1657 863 1918 928 tenerri-

192 958 282 1022 mi
325 957 663 1039 mutuique
719 954 977 1019 Amoris
1018 949 1276 1017 susurria
1302 1002 1323 1034 ,
1372 951 1605 1036 quibus
1657 951 1764 1015 Tu
1803 951 1919 1014 ho-

191 1045 294 1109 die
341 1041 528 1110 DEO
573 1043 739 1108 Tu0.
833 1039 1263 1107 Eucharistico
1292 1091 1310 1120 ,
1376 1041 1731 1104 Sacerrimis
1781 1039 1919 1103 Ma-

187 1133 376 1199 nibus
413 1131 568 1195 Tuis
613 1145 755 1194 ante
782 1149 898 1194 nos
927 1129 1172 1195 elevato
1206 1180 1224 1210 ,
1274 1127 1389 1193 Ille
1431 1128 1579 1192 Tibi
1622 1126 1921 1193 Sacerdo-

184 1223 237 1286 ti
278 1216 388 1284 suo
436 1219 675 1299 Magno
706 1267 722 1295 ,
773 1219 934 1280 intra
971 1218 1287 1282 Animum
1328 1233 1516 1281 tuum
1540 1267 1558 1296 ,
1608 1217 1919 1281 teneritu-

188 1309 337 1372 dine
372 1304 750 1368 Devotionis
788 1299 902 1364 fibi
932 1301 1050 1384 ipsi
1078 1303 1339 1366 indubie
1366 1305 1619 1368 tantum
1646 1324 1780 1369 non
1809 1324 1919 1389 pe-

187 1395 359 1460 nitus
387 1405 676 1474 ereptum
708 1437 726 1464 ,
775 1387 1216 1453 confabulatus
1246 1386 1335 1452 est
1363 1392 1385 1452 Ρ
1434 1391 1564 1453 Soli
1592 1391 1773 1470 Tibi,
1802 1391 1918 1476 qui

188 1493 488 1565 expertus
517 1496 579 1539 es
607 1525 625 1555 ,
675 1474 805 1538 haec
847 1469 1072 1539 secreta
1100 1475 1463 1561 relinquere
1493 1475 1694 1541 decet.

188 1613 410 1764 NOS
427 1613 711 1690 interim,
741 1605 940 1676 samita
956 1606 1198 1695 semper
1225 1608 1403 1675 fuifl'e
1421 1609 1730 1677 Sacrificia
1744 1610 1920 1696 Tua,

364 1722 534 1767 novo
550 1715 923 1783 argumento
939 1700 1016 1764 ab
1043 1697 1279 1765 effectis
1308 1699 1784 1767 concludimus:
1802 1722 1922 1786 pen

192 1811 333 1877 quae
363 1788 653 1853 videlicet
683 1789 870 1852 tantis
898 1789 1301 1872 optimorum
1327 1789 1740 1875 quorumque
1757 1791 1921 1856 Cha.

189 1883 519 1946 rismatum
558 1874 893 1941 caelestium
931 1875 1115 1941 donis
1140 1875 1236 1940 Te
1265 1876 1466 1942 indies
1492 1891 1623 1942 tam
1651 1876 1920 1962 opulen-

190 1970 255 2032 te
282 1967 449 2031 beari
479 1965 914 2048 cognovimus,
1008 1962 1233 2029 Nolim
1260 1964 1364 2027 hic
1393 1965 1480 2027 ire
1512 1985 1628 2048 per
1680 1966 1923 2050 singula

190 2077 273 2122 ne
302 2054 560 2137 longUS,
586 2051 654 2118 ἃ
681 2072 760 2115 ne
776 2051 1076 2117 molestus
1090 2051 1224 2119 fim.
1319 2051 1675 2118 Cumulum
1703 2069 1920 2124 tamen

189 2145 519 2209 Virtutum
536 2190 554 2219 ,
581 2160 651 2203 ac
677 2140 1064 2204 Meritorum
1090 2141 1383 2205 Tuorum
1414 2141 1917 2225 Symb010111.t10·

190 2226 601 2314 expressimus
616 2278 634 2307 ,
658 2226 873 2291 denuo
890 2230 1225 2312 pingentes
1251 2229 1567 2312 jubileam
1583 2281 1602 2311 ,
1626 2251 1696 2295 ac
1711 2232 1918 2319 Qin-

191 2318 635 2403 quagenariam
662 2314 905 2379 literam
932 2314 1002 2380 L.
1033 2313 1132 2379 sed
1162 2317 1449 2403 undique
1477 2319 1915 2400 Gemmis,ve-

193 2405 314 2470 luti
356 2402 588 2482 Stellis,
615 2403 958 2483 nitentem,
994 2405 1279 2469 medium
1304 2422 1594 2488 tenente,
1622 2408 1918 2493 Solisque

194 2496 262 2558 in
292 2511 536 2556 morem
552 2489 904 2573 refulgente
918 2490 1272 2557 Adamante
1297 2495 1747 2575 Eucharistico,
1764 2516 1919 2560 cum

192 2579 585 2665 Epigraphe:
615 2579 858 2655 HINC
882 2582 1088 2655 TIBI
1115 2583 1536 2658 DIVITIAE.
1574 2583 1606 2667 <
1621 2586 1729 2665 m)
1755 2584 1915 2651 Non

194 2669 273 2732 de
303 2669 534 2753 opibus
562 2667 663 2730 hic
691 2666 988 2749 dicimus,
1017 2689 1156 2754 quae
1172 2670 1471 2756 laqueum
1497 2670 1749 2736 struunt
1774 2723 1792 2753 ,
1841 2672 1914 2740 ὅτ.

194 2758 614 2820 tentationem
640 2754 902 2820 diaboli:
952 2754 1052 2821 sed
1070 2758 1146 2823 de
1163 2759 1370 2825 multo
1400 2759 1769 2825 melioribus
1796 2760 1913 2825 Di-

187 2847 391 2925 vitiis,
419 2864 574 2929 quas
613 2846 878 2909 omnino
908 2841 1117 2911 suadet
1143 2847 1492 2933 Apostolus
1518 2900 1536 2930 ,
1586 2846 1911 2916 obsecrans

192 2953 310 2997 nos
325 2985 342 3012 ,
369 2933 613 2997 Divites
628 2930 771 3014 fieri
799 2936 859 2996 in
889 2929 1057 2999 bonis
1085 2934 1358 3020 operibus
1404 2980 1427 2990 -
1473 2976 1496 2987 -
1543 2937 1911 3022 thcssnmza-

192 3040 260 3083 re
274 3020 441 3086 nobis
450 3018 915 3101 fimdamemnm
948 3020 1165 3089 bonum
1186 3028 1249 3090 in
1259 3025 1554 3108 smmum
1565 3077 1585 3110 ,
1612 3044 1679 3092 m
1702 3044 1909 3089 veram

1719 3130 1907 3179 vztam

237 3197 322 3243 (m)
349 3195 448 3235 Vide
466 3195 504 3233 in
524 3195 662 3235 Tabula
682 3197 895 3247 Symbolum
910 3197 972 3236 111.
