2122 3507
199 135 220 170 6
877 119 1020 169 ἓῷἓξὸ(
1045 134 1070 160 0
1093 119 1239 168 >2618ss

194 225 278 281 pta
301 210 436 266 esset,
475 225 561 276 per
582 205 869 257 incendium
903 206 1101 272 periret.
1173 204 1289 254 Hoc
1324 205 1447 255 mihi
1475 203 1644 257 finceri
1667 208 1774 258 Viri
1797 226 1916 259 con-

196 281 354 351 questi
392 279 528 330 sunt:
566 280 616 331 δε
648 277 774 327 dum
816 292 906 340 ego
938 289 1100 341 nuper
1132 274 1296 325 adhuc
1325 273 1470 325 essem
1492 277 1542 325 in
1565 275 1730 329 sancta
1751 278 1916 329 Cruce

195 349 316 405 tunc
353 367 462 402 mea
499 348 654 398 domo
690 342 1022 414 profeffioniS,
1065 343 1212 395 etiam
1246 345 1536 413 exemplum
1562 347 1662 413 ejus
1684 348 1915 399 exustum

195 423 275 475 est.
346 418 553 476 Nescio,
584 416 674 467 ubi
694 433 831 467 nunc
857 417 1128 467 invenitur.
1199 414 1364 466 Doleo
1391 417 1451 467 de
1473 417 1640 483 Opere
1659 428 1761 467 tam
1775 417 1913 469 bono

195 497 245 547 ὃς
269 490 405 549 utili,
438 488 579 556 quod
600 489 793 538 utinam
816 499 986 536 'totum
1008 483 1361 550 descripfiffem.
1437 485 1652 537 Gaudeo
1675 499 1841 538 tamen
1853 488 1912 541 de

197 564 272 615 his
293 558 497 614 Notulis
517 560 638 609 meis
661 557 773 608 inde
804 554 1089 611 subtraffifis,
1124 556 1174 607 δε
1192 555 1305 607 Deo
1327 559 1500 623 gratias
1525 574 1632 623 ago.
1704 556 1912 625 Reliqua

194 634 255 685 de
275 629 604 683 ERNUSTO
641 629 802 695 &iqui
823 629 865 677 ei
884 624 1234 684 succefferunt‚
1267 627 1429 678 multo
1451 626 1649 679 brevius
1668 640 1816 685 noto,
1846 625 1912 677 se-

192 704 419 754 cundum
454 703 632 753 Annos
652 710 845 755 tamen,
881 698 1059 764 partim
1086 698 1205 763 quia
1227 698 1324 763 jam
1343 700 1541 748 notiora
1559 696 1697 755 sunt,
1731 699 1911 764 partim

193 776 313 842 quia
343 786 447 823 tarn
478 768 609 821 fideli
630 767 839 819 ductore
862 770 1107 834 privatus,
1141 770 1191 820 ἅν
1211 765 1421 818 alterum
1442 786 1546 818 non
1566 767 1795 825 noscens,
1829 769 1912 817 cui

194 846 372 912 pariter
405 839 554 892 fidere
575 835 790 906 possem,
826 839 997 894 timui,
1038 855 1099 887 ne
1128 855 1337 889 errarem
1360 837 1520 888 multa
1546 835 1829 894 scribendo,
1861 839 1911 891 ὃς

188 911 338 965 cffeffl
362 915 510 964 etiam
532 910 635 960 aliis
670 907 809 959 causa
839 907 1029 959 errandi
1049 926 1060 957 :
1102 907 1262 957 donec
1282 911 1480 958 veniam
1500 907 1562 959 ad
1579 926 1689 959 mea
1714 919 1911 974 tempo-

188 1002 267 1041 ra,
308 986 358 1037 ὃ(
389 979 806 1034 LIUPOLDUM
823 976 1021 1048 sextum
1048 975 1325 1045 Virtuqsum.
1399 978 1511 1029 Post
1530 978 1631 1045 ejus
1653 976 1764 1029 acta
1784 990 1909 1028 noto

191 1053 458 1105 exordium
491 1049 639 1117 hujus
672 1049 853 1100 domus
891 1047 1044 1099 beatae
1079 1049 1252 1100 Mariae
1274 1051 1325 1099 in
1349 1047 1647 1106 Lilienveld,
1685 1047 1909 1105 testatus,

185 1138 303 1191 quae
322 1123 442 1176 vidi.
511 1119 708 1172 Nullibi
744 1137 866 1170 vero
886 1117 1024 1170 fluxa
1047 1121 1271 1170 oratione
1291 1131 1434 1176 utor,
1464 1117 1545 1169 sed
1565 1117 1618 1170 N
1621 1117 1783 1169 otulas
1803 1131 1911 1168 tan-

191 1206 303 1243 tum
327 1194 478 1249 facio,
514 1193 633 1257 quia
655 1191 801 1238 nimis
829 1205 1011 1255 parvus
1045 1189 1111 1239 est
1128 1188 1344 1246 libellus,
1382 1192 1432 1242 &
1459 1206 1632 1240 meum
1652 1190 1909 1255 ingenium

187 1262 350 1316 multo
369 1263 522 1326 magis
543 1258 608 1310 est
627 1273 860 1325 parvum.
928 1257 1045 1307 Ohe
1071 1257 1180 1308 fatis
1200 1258 1267 1310 est
1286 1259 1383 1313 ohe
1401 1257 1578 1316 libelle.

303 1363 404 1404 Fide
423 1360 504 1415 jam
531 1361 690 1401 horum
719 1357 1013 1411 Scriptorum,
1045 1357 1202 1411 quibus
1229 1359 1269 1400 &
1288 1359 1552 1412 Antiquitas,
1580 1360 1621 1402 &
1641 1360 1836 1409 Candor,
1867 1359 1908 1400 &

188 1423 374 1479 prudens
393 1420 439 1461 in
456 1417 575 1459 omni
594 1426 845 1469 argumento
866 1418 941 1456 suo
969 1423 1065 1456 tum
1093 1415 1326 1466 accuratio,
1358 1425 1454 1457 tum
1479 1417 1795 1470 circumspectio
1816 1430 1909 1471 gra-2

185 1494 288 1522 vem
305 1480 399 1519 sane
428 1475 746 1517 Authoritatem
764 1474 877 1526 apud
896 1486 1039 1528 aequos
1064 1486 1215 1514 omnes
1240 1470 1531 1527 expertosque
1555 1486 1698 1514 rerum
1726 1474 1909 1514 arbitros

186 1539 293 1582 citra
309 1535 488 1578 dubium
510 1532 730 1574 conciliare
749 1533 926 1581 debent,
954 1531 1191 1572 universam
1210 1531 1511 1584 Genealogiam
1531 1541 1659 1585 atque
1676 1531 1910 1573 Historiam

188 1592 460 1637 Sereniffimae
490 1590 659 1633 Ducalis
695 1590 856 1630 DOMus
896 1591 1493 1631 BABENBERfflco-AUSTMACAE
1519 1602 1682 1629 novam
1712 1589 1907 1642 penitus,

187 1656 231 1697 ὅτ
247 1652 364 1693 aliter
382 1651 562 1692 condere
580 1647 822 1703 aggredior,
855 1650 983 1701 quam
1000 1648 1199 1688 hastenus
1218 1647 1373 1702 legitur
1389 1648 1502 1701 apud
1521 1647 1729 1688 Inustrem
1746 1647 1802 1687 D.
1822 1647 1908 1702 Joa

189 1712 283 1754 AN.
317 1709 617 1750 GEORGIUM
645 1702 691 1747 ab
728 1706 954 1747 ECCARD
985 1714 1078 1748 tum
1106 1705 1152 1747 in
1183 1704 1431 1747 Praefatione
1472 1702 1668 1761 Originum
1695 1703 1909 1746 Saxonicu-

186 1782 270 1811 rum
282 1797 292 1814 ,
320 1777 413 1808 tum
431 1766 474 1807 in
493 1763 758 1806 celeberrima
776 1762 950 1815 Historia
965 1762 1133 1806 Franciae
1148 1762 1355 1806 Orientalis
1366 1757 1467 1803 Tem.
1486 1761 1540 1803 11.
1557 1773 1595 1816 p.
1609 1762 1693 1809 813.
1709 1763 1786 1815 seq.
1802 1762 1908 1804 item

188 1827 301 1881 apud
329 1826 433 1879 saepe
464 1825 680 1864 laudatum
717 1823 780 1862 Cl.
815 1821 1049 1873 PEZIUM,
1080 1830 1210 1875 atque
1240 1822 1352 1875 apud
1391 1818 1563 1861 Douisst
1600 1820 1758 1875 JOAN.
1786 1821 1908 1859 Gu1-

187 1885 351 1925 LELM.
382 1880 789 1923 HOFFMANNUM
817 1879 862 1919 in
890 1879 1158 1930 Difflrtatione
1189 1877 1436 1934 Genealogico
1457 1902 1474 1910 -
1493 1873 1689 1929 Historica
1718 1873 1763 1918 de
1787 1875 1908 1919 Stem-

187 1946 287 1982 mate
307 1934 816 1993 Babenbergico-Auftrtaco
838 1935 948 1977 edita
964 1936 1008 1976 in
1033 1945 1077 1988 4,
1099 1936 1363 1976 francofurti
1383 1937 1433 1977 ad
1450 1935 1657 1976 Viadrum
1681 1936 1761 1976 An·
1785 1945 1858 1984 173
1872 1947 1907 1976 1.

189 2001 369 2039 Veteres
392 1996 493 2037 alios
512 1994 765 2048 Scriptores,
796 2006 906 2048 quos
925 1992 1090 2047 poffum
1110 2021 1121 2040 ‚
1152 1993 1388 2033 conciliabo
1407 2006 1504 2033 cum
1522 1992 1697 2040 nostrie,
1727 2001 1906 2035 coeteros

187 2058 383 2097 refellam.
437 2055 490 2095 Et
518 2055 605 2094 haec
629 2051 803 2106 quidem
822 2081 833 2101 ‚
865 2065 960 2105 quae
991 2051 1151 2092 defaeto
1181 2049 1262 2104 jam
1285 2051 1424 2104 prope
1443 2050 1651 2100 conserua,
1679 2052 1816 2092 adhuc
1845 2060 1908 2092 ta.

184 2127 286 2156 men
301 2114 375 2154 sub
394 2110 587 2153 manibus
608 2111 769 2160 habeo,
799 2108 951 2151 Partem
973 2107 1078 2149 Istum
1093 2108 1368 2150 constituent.

174 2221 184 2229 ,
302 2189 421 2231 Parte
443 2187 563 2230 altera
592 2186 763 2227 initium
784 2186 951 2227 sument
979 2182 1077 2238 Fufii
1103 2183 1237 2225 nostri
1255 2182 1564 2238 Chronologici
1583 2182 1795 2225 Primorum
1809 2179 1905 2221 duo-

187 2260 271 2290 rum
297 2246 511 2288 Seculorum
528 2243 735 2298 nostrorum
755 2273 768 2292 ‚
796 2243 823 2283 i.
842 2257 876 2283 e.
900 2242 1034 2284 Seculi
1053 2244 1075 2283 ἐι
1096 2242 1266 2284 Christo
1287 2242 1403 2283 Nato
1418 2244 1534 2283 XIII.
1554 2256 1601 2283 ac
1613 2239 1756 2283 XIV.ti
1802 2241 1906 2281 Haec

187 2318 320 2359 porro
336 2306 429 2344 Pars
449 2333 461 2353 ‚
492 2299 711 2344 Decadibus
732 2301 925 2351 discreta,
957 2300 1176 2340 breviculo
1203 2300 1462 2353 compendio
1485 2299 1531 2340 in
1559 2301 1744 2353 fingulos
1770 2309 1907 2338 annos

183 2362 396 2416 triplicem
412 2360 641 2402 Historiam
658 2358 822 2399 referet.
876 2356 1064 2398 Primum
1088 2357 1265 2411 quidem
1280 2359 1529 2398 Generalem
1541 2357 1579 2399 &
1591 2357 1806 2398 Publicam
1827 2356 1905 2396 Ec-

188 2423 334 2467 clefiae,
362 2416 557 2472 Imperii,
585 2431 630 2458 ac
646 2415 817 2457 Patriae:
850 2414 1000 2456 deinde
1020 2414 1248 2469 Specialern
1269 2414 1377 2456 Sacri
1397 2415 1572 2456 Ordinis
1590 2414 1724 2458 nostri
1750 2412 1905 2455 Cister-

188 2478 352 2519 cienfis:
382 2477 552 2517 tandem
569 2476 607 2516 &
627 2473 902 2524 Peculiarem‚
930 2473 1015 2513 five
1033 2472 1218 2513 nostram
1238 2472 1277 2513 &
1306 2473 1606 2514 Domesticam.
1673 2473 1773 2512 Hoc
1794 2469 1903 2511 mihi

187 2534 390 2577 scribendi
411 2532 673 2582 institutum,
703 2533 892 2584 hancque
904 2531 1158 2571 methodum
1177 2528 1413 2584 persuasere
1431 2538 1528 2569 ante
1545 2528 1689 2569 omnia
1709 2527 1903 2569 Charitas

186 2608 233 2634 ac
248 2589 490 2643 Compasfio
511 2604 603 2644 erga
623 2602 739 2643 pares
759 2588 862 2629 mihi
879 2587 1153 2629 observantiae
1169 2587 1380 2641 Regularis
1397 2589 1464 2628 vel
1482 2586 1655 2636 nostrae,
1677 2587 1747 2626 vel
1760 2584 1903 2625 alienae

185 2653 373 2692 Sodales:
404 2649 560 2702 quibus
576 2648 618 2688 in
639 2656 707 2687 tot
722 2646 1117 2695 Monasteriis‚ct1m
1135 2645 1209 2698 ipfi
1225 2646 1421 2699 praeclaro
1435 2643 1608 2698 ingenio
1628 2644 1733 2692 fint,
1757 2643 1902 2697 &per--

189 2708 352 2762 egregia
379 2706 558 2747 discendi
586 2707 831 2755 voluntate,
861 2706 1084 2757 Paupertas
1105 2712 1247 2743 tamen
1276 2702 1478 2756 Religiosa
1507 2701 1715 2743 defectum
1736 2700 1902 2744 inducit

186 2769 404 2807 bonorum
421 2764 669 2811 Librorum,
699 2762 928 2804 Historiam
958 2774 1057 2802 cum
1073 2761 1155 2801 fide
1173 2762 1211 2802 &
1237 2773 1336 2802 cura
1352 2759 1646 2808 tractantium,
1675 2760 1764 2808 vel,
1793 2767 1900 2799 tam-

187 2826 260 2864 etfi
281 2825 438 2863 horum
456 2821 577 2875 copia
592 2823 724 2870 foret,
745 2819 999 2862 Obedientia
1019 2820 1131 2860 certe
1144 2818 1445 2859 exercitiorum
1466 2819 1677 2858 sacrorum
1692 2815 1902 2858 affiduita-

185 2890 250 2931 te,
283 2895 375 2935 quae
392 2879 550 2921 remitti
568 2892 656 2918 non
675 2876 866 2931 possunt,
902 2877 1042 2918 otium
1059 2876 1221 2930 legendi
1241 2875 1479 2930 nimiopere
1494 2873 1755 2928 constringit.
1812 2875 1901 2915 De..

184 2939 283 2980 inde
299 2942 429 2979 Grata
444 2951 523 2991 pro
540 2936 696 2977 Gratiis
713 2936 942 2985 Memoria,
953 2948 1081 2988 quam
1097 2934 1296 2975 omnibus
1315 2934 1367 2974 de
1382 2933 1506 2974 nobis
1517 2933 1623 2973 bene
1636 2932 1797 2973 meritis
1810 2931 1900 2974 exi-

185 2997 270 3038 mie
301 2999 470 3038 reddere
503 3008 586 3048 prae
616 2993 816 3035 omnibus
843 2993 1125 3035 constitutum
1156 2993 1371 3033 habebam.
1435 2990 1602 3031 Etenim
1621 2990 1898 3032 Pontificibus

185 3055 388 3104 Summis,
418 3055 456 3096 &
474 3052 591 3093 omni
614 3051 897 3105 Imperatoriae
916 3049 1116 3104 Maiestati
1135 3049 1320 3105 ingentia
1339 3049 1538 3089 beneficia
1555 3050 1707 3089 referre
1725 3062 1804 3090 nos
1825 3050 1898 3089 de-

185 3111 273 3153 cuit
300 3111 345 3155 in
374 3111 565 3165 acceptis.
619 3110 849 3153 Sacerrimo
874 3108 979 3154 verb
1000 3108 1154 3153 Ordini
1169 3108 1315 3152 nostro
1333 3104 1479 3151 nonne
1498 3120 1583 3163 prae
1609 3106 1810 3151 omnibus
1827 3113 1898 3146 to-

1784 3171 1892 3214 tum,
