2122 3507
207 159 233 185 α
882 137 1026 185 aget(
1049 150 1075 176 0
1096 136 1242 185 ww&

205 235 340 278 tatur,
369 226 622 269 breviculam
647 221 788 262 saltem
817 220 1027 262 rationem
1057 220 1199 261 obiter
1222 222 1463 274 percensere
1480 250 1492 270 ‚
1526 220 1566 263 ἃ
1584 221 1748 275 0ὔίεᾶὶο
1771 221 1915 271 huius.

203 287 324 335 modi
343 282 542 330 dulciario
563 282 715 330 famem
733 279 911 320 aliorum
933 278 1273 332 intempestivam
1294 278 1464 320 interim
1487 287 1708 334 utcunque
1727 281 1914 323 delinire.

207 345 254 385 Id
268 346 362 385 cum
376 344 415 384 &
435 339 565 387 mihi,
594 339 660 377 vel
678 336 842 387 invito,
875 336 1054 377 omnino
1072 346 1211 377 tamen
1227 367 1239 387 ,
1269 338 1309 379 ὅτ
1330 336 1501 391 quidem
1513 336 1696 390 privatas
1708 342 1765 380 ob
1785 338 1915 380 ratio-

206 414 279 443 nes
294 398 418 442 solito
443 397 567 438 etiam
593 395 720 448 paulo
740 394 939 443 uberius,
968 394 1241 436 faffltandurn
1260 393 1337 435 effe
1358 394 1685 437 existimaverim
1707 408 1718 435 t
1763 396 1915 452 Conspe-

206 453 277 499 Hui
297 454 485 512 praesenti
504 450 694 503 Fastorum
711 450 916 502 nostrorum
931 482 944 504 ‚
974 453 1049 507 qui
1070 452 1175 493 mihi
1201 452 1438 494 demandati
1464 454 1561 494 fimt
1576 481 1589 502 ‚
1620 452 1690 494 hie
1712 452 1757 493 in
1776 457 1913 495 lucem

205 515 469 562 dimne-ndo,
501 509 714 564 sequentia
732 512 935 564 paucula,
967 513 994 551 fi
1013 524 1100 551 non
1119 510 1337 561 omnium,
1369 523 1520 552 eorum
1536 511 1703 561 saltem,
1724 523 1912 564 quorum

206 572 397 621 interest,
425 567 566 618 causa,
595 570 617 609 a
633 581 701 609 me
721 570 929 622 praefanda
951 568 1218 610 necessarium
1238 568 1358 612 duxi.

315 639 372 676 Ut
393 642 506 688 grata
536 634 586 674 fit
617 633 830 683 Eruditis,
860 636 944 675 hoc
972 633 1157 674 maxime
1187 630 1474 675 delicatiffimo
1503 633 1544 675 ὅτ
1562 630 1910 687 perspicaciffimo

204 695 375 739 Seculo,
404 704 668 746 quaecunque
689 691 862 732 noviter
873 691 1080 740 scribitur,
1095 689 1334 743 Monasterij
1353 689 1576 742 cujuslibet
1592 690 1798 731 Historia:
1827 694 1913 730 Au-

205 752 320 794 thori
338 750 520 803 ejusdem
543 762 627 803 prae
646 749 845 790 omnibus
865 749 1191 796 connitendum,
1223 757 1294 796 ut,
1322 761 1577 802 quacunque
1596 750 1765 789 demum
1794 757 1912 798 parte

204 812 512 857 Monumenta‚
544 821 636 860 quae
657 809 790 848 versat
804 808 911 861 ipse,
943 806 1181 848 Domestica
1202 808 1250 847 ad
1279 805 1322 846 id
1342 808 1479 846 valere
1507 805 1700 860 possunt,
1729 805 1912 846 Histori-

205 881 269 908 am
303 867 472 919 insuper
500 865 710 906 Publicarn
729 896 741 915 ,
774 874 902 919 atque
930 865 1131 913 Patriam,
1161 864 1410 913 commode,
1441 863 1670 912 veraciter,
1699 863 1911 915 solideque

204 924 406 966 illustrare
420 954 432 973 ,
464 923 593 976 inque
609 925 699 964 luce
718 932 804 964 tam
824 931 937 976 grata
957 924 1086 976 quam
1103 931 1193 963 tuta
1208 935 1368 976 ponere
1390 922 1514 971 velit,
1542 936 1588 963 ac
1611 919 1749 975 poffit.
1804 922 1911 961 Prae-

203 981 352 1038 primis
370 981 692 1034 Supellee‘tilem‚
720 983 748 1021 s1
770 994 897 1034 quam
918 980 1113 1021 habuerit
1131 982 1179 1020 ad
1198 993 1368 1027 manus,
1399 979 1728 1034 Diplomaticam
1742 1009 1754 1029 ,
1786 979 1912 1019 soler-

203 1039 354 1082 tiffima
376 1038 570 1092 indagine
601 1037 830 1088 excustam,
856 1038 899 1078 in
920 1037 989 1084 iis,
1020 1051 1113 1092 quae
1143 1037 1317 1079 eruditae
1346 1039 1462 1088 fiant,
1492 1036 1741 1090 disciplinis,
1771 1045 1874 1091 puta
1896 1065 1909 1086 ‚

203 1112 297 1153 quae
328 1095 692 1148 Clu-onologiam,
731 1095 1073 1149 Geographiam,
1113 1095 1442 1148 Genealogiam,
1480 1095 1773 1144 Heraldicam,
1812 1094 1910 1149 Jura

205 1155 446 1197 communia
464 1168 508 1194 ac
526 1152 797 1194 Provincialia
811 1183 822 1203 ,
842 1154 1063 1203 politicen,
1086 1153 1418 1208 Antiquitatem,
1449 1153 1801 1207 Ortographiam,
1825 1153 1863 1194 &
1882 1153 1908 1193 fi

201 1227 297 1268 quae
313 1212 398 1252 aliae
417 1213 494 1251 fint
516 1209 757 1263 hujusmodi
781 1212 1016 1260 facultates,
1045 1211 1205 1251 lumine
1227 1211 1374 1253 critico
1402 1211 1602 1252 illustrare
1630 1213 1820 1257 valeant,
1851 1209 1914 1250 di-

202 1267 465 1323 ligentissime
497 1280 592 1308 cum
625 1268 740 1306 Orbe
771 1267 957 1306 Literato
987 1268 1298 1318 communicet,
1328 1269 1459 1322 inque
1487 1271 1611 1310 usum
1630 1267 1910 1309 Eruditorum

201 1336 474 1373 convertere,
506 1323 607 1364 citra
636 1335 764 1363 omne
781 1323 953 1363 interim
981 1326 1060 1364 suae
1091 1325 1259 1364 Domus
1288 1326 1592 1368 detrimentum
1617 1341 1662 1369 ac
1678 1324 1911 1381 praejudici-

203 1397 300 1433 um,
330 1380 491 1431 modis,
520 1380 782 1434 quibuslibet
801 1380 982 1434 poterit,
1012 1381 1213 1422 omnibus
1228 1383 1440 1422 allaboret.
1832 1382 1835 1386 ⁴

314 1447 353 1488 Si
371 1448 552 1499 namque
571 1445 798 1486 Historiam
818 1448 930 1486 mere
948 1446 1157 1500 privatam
1175 1450 1297 1488 edere
1315 1447 1441 1495 velit,
1471 1446 1514 1488 in
1536 1452 1619 1501 qna
1635 1448 1815 1498 Publici,
1839 1463 1912 1490 or·

201 1506 349 1560 bisque
371 1503 534 1544 Eruditi
554 1502 655 1543 nihil
674 1501 844 1545 interest
864 1507 1026 1557 sapere,
1055 1504 1188 1545 modo
1208 1505 1332 1545 Initia
1349 1519 1394 1545 ac
1414 1507 1675 1546 Fundatores
1699 1507 1912 1549 Monaste-

198 1564 248 1617 rii
261 1595 273 1614 ,
305 1563 430 1603 Casus
462 1561 561 1602 item
575 1590 586 1610 ,
619 1561 898 1613 mutationes,
928 1577 974 1604 ac
1003 1563 1085 1603 fata
1117 1561 1345 1616 praecipua‚
1376 1561 1532 1602 Seriem
1551 1565 1720 1604 tandem
1737 1579 1783 1605 ac
1802 1566 1912 1617 Prae-

198 1620 410 1674 rogativas
429 1621 639 1660 Abbaturn
660 1618 886 1673 intelligat:
918 1620 1153 1676 praestaret,
1182 1619 1410 1669 Libellum,
1432 1619 1566 1660 immo
1583 1622 1757 1675 pagellas
1776 1622 1910 1662 conli-

200 1693 318 1728 cere,
347 1680 472 1732 quam
504 1679 663 1718 Tomos
692 1678 986 1720 consarcinare.
1057 1679 1209 1733 Neque
1226 1680 1338 1720 foret
1356 1678 1380 1719 ὲ
1402 1679 1575 1728 Βοᾶἰιε,
1604 1679 1678 1733 qui
1704 1679 1911 1733 ampliora

200 1739 459 1792 reposceret,
488 1737 514 1775 fi
534 1735 764 1786 constaret,
794 1735 1040 1790 hujusmodi
1055 1738 1251 1778 Domum
1275 1736 1567 1778 monumentis
1585 1737 1747 1787 solidis,
1777 1738 1909 1794 inque

198 1795 412 1852 publicam
430 1807 517 1835 rem
537 1792 700 1848 egregie
719 1795 1056 1845 conferentibus,
1087 1794 1277 1849 undique
1298 1795 1382 1836 fere
1396 1793 1578 1836 destitui.
1638 1798 1694 1837 At
1709 1797 1814 1837 vero
1832 1796 1930 1842 ubi-

200 1852 448 1896 Archivium
481 1852 698 1905 praestans,
728 1852 844 1894 dives
866 1883 878 1902 ,
907 1868 953 1895 ac
972 1855 1227 1907 opulentum
1256 1851 1374 1894 domi
1403 1851 1482 1892 esse
1513 1852 1792 1906 dignoscitur,
1825 1854 1911 1894 five

200 1910 490 1966 praesumitur,
522 1909 755 1962 grandioris
778 1911 931 1964 Operis
950 1912 1014 1952 uti
1032 1913 1145 1964 speS‚
1176 1911 1234 1951 ita
1250 1911 1287 1952 &
1301 1910 1548 1952 desiderium
1569 1910 1680 1952 subit
1694 1910 1911 1961 Eruditos,

200 1979 286 2011 tam
308 1968 432 2020 digna
456 1969 596 2008 saltem
624 1969 736 2008 mole
764 1968 1014 2022 praestantis,
1043 1980 1094 2010 ut
1109 1968 1411 2022 Supelleffilem
1428 1977 1515 2009 tam
1533 1968 1708 2019 utilem,
1734 1971 1910 2023 tamque

198 2026 413 2079 copiolam
443 2026 669 2065 commode
700 2027 923 2080 deportare
944 2026 988 2067 in
1011 2026 1229 2081 publicum
1248 2024 1390 2080 possit.
1445 2026 1544 2066 Hoc
1561 2039 1694 2078 porro
1719 2027 1793 2066 nili
1815 2028 1910 2078 fiat,

196 2093 420 2139 promtum
440 2081 516 2123 effe
534 2082 736 2123 novimus
754 2097 843 2124 non
865 2084 1029 2138 paucis,
1059 2097 1317 2139 quamquam
1331 2097 1421 2124 non
1441 2085 1604 2137 semper
1619 2083 1909 2138 pariformiter

198 2141 349 2195 aequis,
379 2149 450 2181 aut
478 2140 691 2194 suggillare
721 2142 1078 2183 Monasteriorum
1099 2141 1304 2183 invidiam
1322 2171 1334 2192 ‚
1370 2154 1453 2196 qua
1471 2141 1613 2183 nolint
1629 2142 1731 2184 alios
1750 2142 1908 2194 ditare,

201 2202 269 2241 vel
287 2198 565 2254 ignorantiam
579 2228 591 2246 ,
618 2211 701 2252 qua
718 2198 885 2240 divitias
902 2202 990 2240 snas
1008 2199 1183 2254 ipsamet
1205 2201 1317 2240 forte
1332 2199 1546 2252 ignorent.

319 2256 534 2307 Qoniam
564 2255 707 2309 itaque
727 2257 925 2310 peculiari
945 2259 1041 2297 DEI
1061 2257 1295 2299 Clementia
1316 2259 1505 2311 Campus
1522 2256 1664 2299 noster
1677 2256 1906 2306 Liliorurn‚

201 2312 317 2366 cujus
336 2313 454 2354 initia
468 2316 595 2367 quam
614 2325 719 2354 mox
736 2327 832 2354 cum
861 2314 1035 2355 ineunte
1054 2317 1202 2357 Seculo
1220 2315 1393 2357 XIII.ti0›
1412 2315 1616 2357 nimirum
1639 2316 1715 2355 sub
1732 2318 1907 2356 Annum

198 2373 356 2413 MCCI.
380 2370 467 2411 fieri
488 2379 723 2424 caeperunt,
748 2384 824 2424 per
839 2372 975 2426 sesqui
992 2374 1186 2414 -sextum
1206 2374 1421 2424 Seculum,
1453 2375 1599 2415 demto
1615 2373 1744 2414 unico
1762 2375 1909 2415 decen.

199 2430 275 2471 nio
295 2427 374 2481 jam
393 2429 477 2469 fere
495 2430 742 2478 evolutum,
771 2431 793 2469 a
812 2430 871 2470 sui
891 2429 1075 2484 graviori
1096 2431 1355 2472 desolatione
1373 2446 1418 2472 ac
1435 2431 1557 2471 ruina
1571 2433 1734 2485 semper
1758 2440 1908 2485 prote-

199 2489 288 2530 &us
307 2486 408 2534 fuit,
440 2488 504 2526 sed
525 2487 563 2527 ὃ(
579 2488 630 2525 ab
645 2485 740 2540 igne
756 2487 1026 2540 perniciofiuS
1045 2491 1210 2530 furente
1221 2491 1428 2535 servatus,
1455 2488 1547 2542 ipso
1557 2488 1683 2528 etiam
1698 2492 1906 2542 quodam-

199 2546 333 2586 modo
352 2543 442 2584 Situ
461 2543 560 2583 Loci
579 2545 721 2597 Sylvas
737 2544 847 2585 inter
865 2561 910 2586 ac
929 2556 1119 2596 montes,
1149 2545 1413 2601 potiffimum
1432 2547 1560 2595 olim,
1589 2546 1691 2586 dum
1709 2548 1820 2586 nulla
1834 2547 1906 2586 ad-

199 2604 284 2644 huc
298 2601 422 2655 Regia
439 2602 487 2641 ad
506 2600 807 2642 Monasterium
826 2603 893 2644 via
913 2606 1158 2654 deduceret,
1190 2605 1383 2644 Domum
1407 2603 1592 2644 nostram
1616 2604 1668 2643 ab
1688 2603 1809 2645 hoste
1835 2612 1904 2645 ut..

199 2673 369 2714 cunque
388 2659 623 2700 immunem
643 2659 882 2712 praestante,
908 2662 1005 2703 licet
1025 2662 1091 2703 ille
1106 2662 1150 2702 in
1171 2661 1328 2716 reliqua
1347 2661 1510 2702 Austria
1525 2660 1773 2702 creberrime
1791 2662 1906 2702 fure.

199 2727 286 2761 ret:
315 2721 374 2758 Ac
385 2716 589 2771 quoniam
610 2726 806 2770 praeterea
825 2718 1001 2774 Majores
1018 2721 1244 2774 Patresque
1263 2720 1395 2762 nostri
1414 2719 1712 2773 Diplornatum
1729 2720 1770 2762 &
1785 2719 1906 2773 Sigil-

196 2779 339 2819 lorum
368 2776 668 2815 servandorum
699 2789 839 2817 curam
870 2787 997 2832 atque
1025 2777 1271 2820 industriam
1297 2777 1473 2819 minime
1500 2778 1738 2831 vulgarem,
1766 2776 1903 2819 immo

198 2832 450 2889 peculiarem
467 2833 610 2886 plane,
638 2834 898 2877 laudabiliter
913 2837 1166 2886 admodum,
1194 2849 1333 2891 neque
1359 2834 1904 2889 inutiliter-impenderunt:

197 2891 443 2934 Archivium
465 2890 655 2932 nostrum
672 2891 832 2944 ingenti
847 2895 939 2935 sane
955 2907 1138 2936 numero
1151 2895 1407 2936 chartarum
1424 2902 1642 2941 veterum,
1665 2895 1702 2936 &
1714 2893 1758 2935 in
1768 2906 1904 2936 mem·

199 2950 359 2998 branis,
390 2949 430 2991 ὅτ
446 2948 488 2989 in
507 2948 653 3003 Sigillis
670 2951 804 3003 probe
822 2951 913 2993 satis
930 2953 1065 2994 adhuc
1081 2955 1419 2994 conservatarum
1435 2952 1634 2992 abundat.

310 3008 411 3049 Haec
424 3006 566 3062 itaque
583 3007 667 3061 ipsa
683 3009 775 3049 lane
794 3009 895 3051 felix
911 3011 1142 3064 Opulentia
1162 3010 1323 3059 nostra,
1356 3011 1491 3063 probe
1508 3007 1684 3063 pensatis
1699 3038 1710 3058 ,
1727 3020 1820 3064 quae
1830 3021 1904 3050 an·

199 3072 268 3106 tea
290 3065 498 3116 dixeram,
528 3064 667 3119 coegit
683 3079 749 3105 me
769 3097 781 3117 ,
810 3076 861 3108 ut
881 3067 925 3108 in
943 3069 1064 3111 Fastis
1085 3068 1235 3111 nostris
1249 3068 1352 3110 nihil
1374 3066 1577 3122 praecipiti
1597 3068 1786 3108 Consilio
1807 3079 1902 3120 age-

197 3135 314 3173 tem,
344 3125 413 3164 sed
439 3127 461 3164 e
478 3132 594 3167 tanta
614 3124 731 3167 Penu
746 3125 1058 3181 Diplomatica,
1088 3141 1186 3172 cum
1214 3140 1312 3170 cura
1341 3128 1540 3178 evoluta,
1566 3124 1699 3184 inque
1726 3136 1900 3166 omnem

1803 3193 1898 3237 pat·
