2122 3507
463 174 1556 282 ALLOCUTIO

666 303 1349 359 GRATULATORIA

140 388 1863 574 SACERDOTII

523 612 1510 778 JUBILEL

187 799 471 867 Nomine
517 803 826 869 Venerab.
873 803 1247 867 Conventus
1290 800 1583 883 privatim
1632 798 1808 870 facia.

589 937 596 945 ·
652 915 968 956 NOTULA
1032 915 1339 955 PRAEVIA.

208 987 275 1024 Gir
297 986 541 1025 Reverendiss.
566 989 603 1024 δε
622 989 785 1038 Ampliff.
809 991 857 1026 D.
869 991 917 1027 D.
944 990 1142 1026 PRAESUL
1167 988 1286 1025 noster
1322 987 1489 1025 Primitia
1517 989 1621 1024 Sacra
1655 988 1713 1026 sua
1743 993 1855 1028 Anno

230 1037 444 1076 MDCXCI.
468 1037 505 1073 in
514 1037 717 1075 Parochiali
729 1039 919 1076 Ecclefiola
934 1039 1053 1076 nostra
1067 1039 1111 1075 ad
1124 1040 1273 1074 Portam
1290 1037 1364 1086 ipso
1382 1037 1483 1073 Festo
1499 1037 1696 1085 Patrocinij
1704 1038 1854 1086 ibidem,

140 1082 167 1121 ἰ.
178 1097 210 1122 e.
226 1073 602 1135 Samgdalenae
619 1088 677 1124 die
690 1101 750 1125 22.
773 1088 878 1137 Julij:
894 1087 1125 1139 quaproinde
1138 1087 1177 1123 in
1193 1087 1431 1124 Solemnitate
1441 1088 1512 1123 hoc
1527 1087 1660 1142 pariter
1669 1089 1778 1125 Anno
1795 1091 1856 1126 Sa-

136 1134 322 1171 cerdotale
341 1136 501 1181 ejusdem
517 1137 700 1185 jubileum
709 1137 875 1174 recurrit.
930 1137 1118 1187 Qoniam
1133 1137 1223 1174 vero
1244 1149 1288 1173 ex
1305 1136 1611 1185 veterireligione
1623 1149 1663 1172 ea
1675 1136 1733 1173 die
1748 1138 1857 1174 Divi-

136 1195 183 1218 na
198 1182 235 1219 in
244 1184 516 1223 Pontificalibus
539 1186 578 1222 in
597 1187 762 1235 praediC‘ta
776 1187 966 1224 Eccleliola
980 1186 1058 1223 fieri
1073 1187 1357 1231 consueverunt,
1384 1185 1585 1235 ingensque
1594 1185 1730 1222 ibidem
1745 1188 1856 1223 adIn-

136 1231 340 1279 dulgentias
354 1234 533 1272 Plenarias
548 1235 588 1271 fit
604 1235 868 1273 Poenitentium
882 1237 1074 1272 concurstxs
1090 1251 1098 1272 :
1121 1234 1293 1284 sapienter
1300 1235 1415 1272 visum
1427 1235 1475 1270 est
1490 1234 1734 1272 Reverendiss.
1754 1237 1855 1277 D.D.

139 1281 354 1319 PRAESULI
365 1312 375 1327 ,
397 1284 447 1319 sui
460 1284 593 1333 Jubilei
609 1285 792 1322 Solemnia
808 1285 952 1321 differre
967 1285 1002 1320 in
1019 1285 1115 1320 diem
1131 1285 1278 1319 alteram
1295 1311 1305 1326 ,
1326 1285 1398 1319 sive
1415 1284 1648 1320 Dominicam
1660 1296 1748 1321 mox
1761 1285 1857 1322 inse-

137 1342 312 1379 quentem
324 1359 334 1377 ‚
363 1333 400 1368 ὅ(
416 1332 477 1370 illa
496 1334 533 1369 in
554 1334 709 1382 Templo
731 1334 853 1369 nostro
863 1333 1013 1378 Maiori,
1029 1345 1068 1368 ac
1083 1332 1254 1380 Regulari
1270 1331 1381 1380 digno
1393 1332 1488 1367 Cum
1507 1334 1639 1368 decore
1659 1345 1828 1382 peragere
1840 1362 1855 1379 ,

137 1391 185 1415 ne
198 1380 343 1436 populi,
363 1382 422 1418 die
445 1382 621 1418 anteriori
642 1381 893 1418 concurrentis
917 1381 1070 1418 devotio
1094 1380 1349 1428 impediretur,
1367 1380 1425 1416 cui
1451 1380 1696 1435 Confeffarios
1726 1382 1854 1421 omnes

137 1428 217 1476 jugi
230 1429 508 1466 Confessionum
530 1430 746 1479 exceptione
761 1430 934 1466 inservire
955 1429 1092 1464 necesse
1107 1428 1216 1463 foret.
1270 1429 1500 1464 Venerabilis
1522 1430 1612 1464 vero
1633 1430 1855 1469 Conventus

137 1477 278 1522 noster,
303 1477 408 1513 facile
422 1478 626 1526 praeiagiens
641 1506 651 1522 ,
676 1478 772 1513 inter
787 1479 857 1532 ipsa
869 1476 1003 1524 Jubilei
1019 1475 1203 1512 Solemnia
1220 1475 1316 1511 diem
1332 1503 1344 1519 ,
1373 1476 1520 1511 Divinis
1536 1478 1678 1513 tantum
1689 1506 1698 1523 ,
1715 1480 1752 1514 ὅ(
1768 1481 1855 1516 Illu-

138 1524 383 1562 striffimorum
400 1528 482 1561 DD.
499 1525 692 1573 Hospitum
707 1524 874 1561 Servitiis
885 1524 1162 1574 impendendam
1175 1552 1186 1568 ‚
1214 1523 1400 1572 aegerrime
1410 1524 1576 1560 horulam
1595 1525 1749 1575 aliquam
1765 1540 1855 1565 con-

138 1586 263 1622 gruam
281 1573 504 1609 suffeciuram
519 1572 586 1610 esse
601 1573 728 1609 nostrae
746 1572 1016 1618 Gratulationi,
1039 1574 1188 1610 eandem
1200 1572 1269 1622 ipsa
1286 1573 1408 1622 potius
1426 1573 1485 1610 die
1501 1572 1641 1622 Jubilea
1655 1602 1665 1619 ,
1691 1577 1798 1624 quam
1813 1577 1853 1615 in

138 1621 393 1659 Translatione
413 1622 573 1669 ejusdem
588 1650 599 1666 ,
626 1621 882 1659 instituendam
899 1622 1063 1659 decrevit
1101 1622 1222 1659 rivato
1241 1633 1447 1659 conventu:
1470 1624 1619 1660 brevem
1633 1634 1755 1661 tamen
1772 1639 1853 1662 om-

135 1671 224 1708 nino
233 1669 431 1718 fierijuffit,
458 1684 504 1708 ne
521 1671 725 1720 Religiosos
747 1671 883 1709 diutius
897 1674 917 1708 a
935 1672 1057 1708 Confe
1085 1671 1197 1708 10nali
1216 1671 1328 1710 abeffe
1343 1682 1544 1722 oporteret.
1595 1673 1640 1710 Et
1659 1674 1736 1711 haec
1749 1676 1850 1713 caula

135 1719 185 1758 est
201 1719 370 1758 diffinfitae
381 1721 488 1770 hujus
502 1720 752 1759 Allocutionis
769 1723 791 1759 *a
812 1722 1055 1760 Dedicatione
1072 1720 1198 1771 priori.

261 1860 398 1906 Estori
419 1863 514 1906 Tibi
536 1863 775 1919 praesulari,
805 1861 1180 1916 Reverendiffime‚
1204 1862 1452 1909 Perillustris
1470 1897 1483 1918 ,
1511 1879 1558 1909 ac
1587 1864 1853 1921 Ampliffime

133 1867 260 2006 N
288 1922 387 1963 DD.
403 1925 540 1965 ABBA
552 1926 696 1976 Pater,
717 1926 758 1968 &
776 1925 944 1967 Vicarie
963 1925 1181 1967 Generalis
1201 1924 1506 1966 Gratiofiffime
1521 1956 1533 1975 ‚
1566 1925 1760 1976 Nestori,
1786 1926 1855 1968 in-

288 1992 434 2034 quam,
455 1981 550 2023 Tibi
565 1983 773 2025 Praesulari
791 2013 803 2034 ‚
832 1984 873 2026 ὅτ
888 1984 990 2025 vere
1011 1982 1205 2040 Antiquo
1219 1983 1403 2024 Dierum
1419 2013 1432 2035 ‚
1463 1983 1564 2038 quia
1585 1981 1795 2036 Proiefl‘o,
1811 1985 1856 2028 &

131 2038 346 2080 Sacerdoti
370 2039 565 2094 Jubileo,
595 2040 864 2083 devotissime
880 2042 1331 2097 gratulaturu3‚Nova
1348 2040 1394 2082 in
1418 2042 1477 2083 Te
1495 2041 1676 2096 inspicio
1694 2043 1854 2086 omnia.

131 2095 340 2138 Senemin
350 2098 409 2138 Te
429 2098 580 2148 video,
601 2101 642 2142 ὅτ
660 2100 813 2155 stupeo
827 2101 1038 2156 Juvenem
1050 2129 1062 2151 ,
1087 2105 1216 2154 quam
1233 2097 1386 2154 Capite
1397 2110 1572 2150 canum,
1588 2107 1676 2141 tam
1695 2114 1854 2156 corpo.

130 2156 345 2196 refanum.
405 2157 567 2199 Mirum
580 2156 839 2208 maximum,
864 2159 893 2198 fi
911 2155 1007 2199 Tibi
1029 2160 1113 2199 hoc
1126 2157 1264 2211 ipsum
1283 2166 1434 2198 natura
1451 2157 1618 2198 viribus
1638 2159 1850 2201 duntaxat

133 2213 238 2263 suis,
264 2213 305 2256 &
325 2213 535 2257 alimentis
552 2216 779 2270 praestaret.
833 2216 912 2257 Sed
931 2217 997 2256 Tu
1014 2215 1110 2256 Tibi
1130 2215 1172 2256 id
1196 2214 1383 2269 praestaS,
1412 2215 1451 2257 ὅτ
1471 2216 1626 2256 DEUS.
1667 2218 1756 2268 Tu,
1774 2217 1852 2272 qui

130 2270 271 2312 coelica
290 2271 492 2325 sapientia
510 2286 686 2314 omnem
710 2273 844 2315 vitam
854 2272 990 2316 Tuam
1007 2286 1060 2315 ex
1078 2274 1169 2328 lege
1186 2272 1495 2327 Temperantiae
1510 2273 1743 2315 moderaris
1759 2304 1772 2324 ,
1789 2290 1852 2327 ac,

128 2341 251 2370 more
274 2329 498 2372 Columbae
523 2331 620 2373 Tibi
637 2331 892 2383 Gentilitiae,
910 2345 1043 2386 pauca
1073 2332 1243 2374 tantum
1264 2332 1304 2374 &
1323 2331 1490 2385 optima
1506 2330 1679 2385 seligens
1698 2345 1852 2386 grana,

128 2386 188 2428 ita
198 2387 386 2429 comedis
397 2419 408 2438 ‚
428 2398 480 2430 ut
488 2389 609 2432 vivas
619 2420 628 2436 ‚
642 2402 913 2446 nequaquam
925 2390 984 2432 Te
998 2390 1147 2432 vivere
1162 2389 1347 2432 ostendis
1358 2420 1370 2440 ‚
1390 2398 1441 2431 ut
1453 2390 1662 2432 comedaS.
1716 2392 1853 2434 Profl-

130 2444 190 2486 cit
209 2457 310 2499 ergo
328 2446 447 2488 cibus
469 2455 570 2490 tuus
588 2448 826 2502 Integritati
849 2450 972 2500 Tuae,
998 2462 1090 2490 non
1114 2447 1263 2490 officit.
1317 2449 1460 2489 DEUS
1482 2459 1617 2502 porro
1633 2448 1679 2491 in
1689 2450 1853 2492 Araab-

127 2503 346 2544 sconditus
361 2534 373 2554 ‚
402 2520 449 2547 ac
468 2507 614 2548 decem
634 2505 715 2560 jam
735 2507 875 2550 lustris
899 2506 1019 2549 Panis
1040 2509 1158 2549 Tuus
1178 2506 1457 2561 quotidianus
1475 2508 1514 2549 δε
1533 2508 1851 2562 supersubstan-

128 2559 260 2611 tialis,
274 2565 503 2616 quomodo
521 2579 610 2606 non
628 2568 765 2620 pascat
782 2577 941 2620 corpus
955 2574 1082 2606 tuum
1097 2567 1147 2607 ad
1161 2566 1296 2606 vitam
1312 2596 1324 2616 ,
1353 2565 1417 2607 uti
1429 2564 1627 2606 Animam
1639 2574 1757 2608 tuam
1769 2581 1851 2609 nu-

128 2618 205 2661 trit
218 2621 269 2661 ad
284 2620 476 2664 Gratiam
493 2621 514 2667 ?
544 2623 710 2665 Vinum
730 2623 788 2665 ibi
806 2624 1045 2679 germinans
1061 2623 1260 2678 Virgines
1278 2654 1290 2675 ‚
1315 2624 1429 2664 Fons
1448 2633 1550 2665 tuus
1567 2624 1812 2666 indeficiens
1830 2655 1846 2677 ‚

127 2674 272 2719 nonne
287 2679 337 2721 fit
354 2681 486 2722 Potus
503 2682 653 2724 Salutis
673 2691 755 2724 tuae
773 2682 789 2723 ἲ
817 2683 907 2732 Qui
926 2686 1029 2725 dum
1040 2696 1115 2725 cor
1129 2691 1256 2724 tuum
1271 2680 1468 2736 quotidie
1477 2682 1683 2734 laetificat,
1699 2696 1847 2725 curam

128 2747 302 2778 omnem
317 2738 357 2780 ὅτ
378 2739 592 2782 tristitiam
607 2770 618 2790 ,
649 2742 936 2796 undecunque
957 2741 1024 2783 illa
1039 2741 1173 2782 irruat
1185 2771 1197 2791 ‚
1215 2740 1422 2783 velociter
1437 2740 1590 2795 abigit,
1622 2752 1717 2796 quae
1733 2741 1847 2796 apud

126 2791 228 2833 alios
244 2795 373 2837 toties
392 2798 537 2840 exedit
549 2812 624 2840 cor
637 2828 650 2850 ,
669 2800 844 2854 tamque
859 2801 1019 2841 multos
1033 2808 1132 2841 ante
1150 2809 1322 2854 tempus
1339 2829 1350 2847 ,
1382 2800 1455 2841 etfi
1474 2813 1565 2840 non
1575 2813 1702 2841 canos
1714 2829 1723 2845 ,
1744 2811 1847 2841 cum

124 2849 273 2915 dolore
281 2856 330 2897 ad
342 2855 499 2898 inferos
510 2857 694 2899 deducit.
753 2854 1002 2910 Qiefficit‚
1022 2867 1073 2900 ut
1084 2860 1206 2899 Mens
1217 2866 1312 2909 tua,
1328 2857 1516 2899 criminis
1530 2861 1670 2899 secura
1681 2886 1693 2908 ,
1711 2857 1847 2899 fitve-

125 2907 207 2972 lut-i
228 2920 322 2963 luge
345 2915 628 2957 Convivium.
691 2915 780 2974 Qi
804 2917 864 2957 Te
887 2916 1045 2958 interni
1064 2916 1270 2959 suavitate
1292 2916 1428 2958 solatii
1448 2916 1506 2957 ita
1524 2917 1735 2958 demulcet
1749 2944 1760 2964 ‚
1791 2922 1846 2958 ut

125 2967 280 3007 exinde
297 2971 448 3014 sentire
457 2973 535 3016 vix
553 2974 712 3029 aliquid
734 3005 746 3026 ‚
764 2974 851 3029 pati
862 2974 967 3029 quid
980 2975 1164 3016 noxium
1176 2975 1298 3030 plane
1313 2989 1404 3016 non
1418 2972 1559 3029 poffis.
1613 2975 1735 3014 Beata
1746 2972 1844 3015 Phi-

123 3024 319 3078 losophia
338 3032 449 3078 Tua:
480 3045 610 3088 quam
628 3033 705 3088 qui
726 3032 868 3088 potest
888 3036 1088 3089 exemplo
1111 3041 1191 3076 tuo
1210 3044 1379 3088 capere,
1406 3033 1557 3087 capiat.

218 3108 360 3151 Video
378 3107 546 3163 insuper
564 3111 609 3153 in
632 3113 692 3152 Te
711 3111 943 3165 Sponsum,
972 3108 1149 3153 minime
1167 3111 1275 3153 vero
1304 3109 1568 3153 deliciantem
1586 3105 1631 3147 in
1650 3107 1753 3148 rofis
1775 3103 1842 3158 iu-

121 3165 316 3210 ventutis
334 3197 348 3219 ‚
378 3168 447 3209 sed
467 3168 641 3211 Corona
659 3168 891 3225 Dignitatis
914 3172 1173 3270 fatigarem,
1202 3181 1298 3225 quae
1320 3168 1380 3211 est
1396 3165 1591 3208 SeneRus
1607 3163 1654 3207 in
1671 3164 1843 3267 viRJu-

1758 3235 1842 3267 itiae
