2122 3507
180 177 327 229 tur:
380 163 463 227 ita
502 158 572 228 δε
606 177 723 226 nos
750 158 982 242 pariter
1017 153 1254 241 Jubilei
1293 155 1421 223 Tui
1466 156 1847 228 Memoriam
1873 213 1891 242 ‚

171 251 337 315 adeo
377 250 613 316 Seculis
643 248 896 331 dignam
924 298 942 328 ,
992 245 1405 332 imagunculis
1446 246 1698 313 nonnisi
1741 269 1891 333 qua-

175 356 326 404 tuor
397 340 535 404 orbi
615 331 1091 400 transcribimus.
1199 334 1411 399 Immo
1481 356 1559 400 ne
1626 335 1893 401 flumine

176 428 521 492 verborum
557 425 902 488 exuberans
941 423 1278 487 Rhetorica
1313 423 1459 487 Tibi
1495 422 1893 491 stomachum

169 531 426 580 moveat
456 564 475 593 ,
538 532 745 576 meros
811 511 1001 576 hodie
1079 510 1541 576 Grammaticos
1603 515 1843 596 agimus
1872 562 1893 592 ‚

173 604 497 686 unamque
541 602 793 664 unicam
831 600 1133 664 duntaxat
1161 618 1239 661 ex
1267 597 1749 665 elementaribus
1792 601 1894 665 Li-

170 707 371 755 teram
410 687 633 754 nostrae
681 688 901 753 laetitiae
938 689 1347 770 interpretem
1399 686 1494 749 Te
1532 708 1744 752 coram
1781 688 1890 753 sta-

168 779 430 843 tuimus.
526 777 703 864 Quid
776 774 1079 840 luimiliuS
1129 769 1443 858 exspectes
1476 777 1498 838 ?
1567 773 1889 841 Modestis?-

172 866 332 930 simo
378 868 589 950 itaque
638 865 926 928 Sermoni
962 859 1179 925 nostro
1203 913 1220 940 ‚
1270 881 1464 946 quem
1508 861 1611 945 alij
1645 863 1722 927 de
1754 885 1890 949 par-

169 957 356 1019 citate
403 954 566 1017 bene
612 954 845 1017 meritae
888 949 1116 1015 Laudis
1159 949 1312 1015 Tuae
1363 949 1531 1014 haud
1567 952 1891 1016 immerito

171 1056 437 1126 arguent
466 1092 485 1123 ‚
535 1041 640 1105 Tu
681 1041 939 1122 contra,
989 1039 1102 1122 qui
1149 1036 1350 1102 facere
1395 1036 1702 1104 laudanda
1756 1060 1893 1105 non

167 1129 395 1195 definis
418 1180 437 1211 ,
489 1129 724 1194 laudari
767 1129 920 1194 vero
950 1179 967 1207 ‚
1017 1147 1156 1211 quae
1193 1124 1414 1192 feceris
1444 1178 1461 1208 ,
1511 1126 1738 1191 nullibi
1785 1147 1892 1211 pa-

166 1220 318 1284 teris
348 1270 365 1299 ‚
415 1234 489 1283 ut
525 1218 738 1284 favore
769 1218 962 1302 quam
1013 1212 1391 1300 ampliffimo
1436 1212 1891 1300 condescende÷

164 1328 237 1373 re
271 1306 541 1392 digneris
563 1357 582 1389 ,
632 1306 876 1372 enixius
908 1304 1275 1384 flagitamus,

167 1465 582 1606 GUisquis
634 1477 977 1521 numerum
1047 1456 1684 1539 Quinquagenarium
1739 1480 1892 1529 cum

364 1547 559 1610 veteri
626 1545 832 1608 Roma
893 1543 1283 1628 compendio
1352 1541 1694 1630 scripturus
1756 1547 1845 1611 est
1870 1599 1893 1629 ,

165 1635 456 1720 depingit
499 1632 743 1697 literam
790 1632 860 1697 L.
957 1632 1096 1696 Hac
1137 1651 1334 1716 porro
1376 1650 1528 1699 nota
1577 1634 1625 1698 fi
1662 1636 1893 1701 Annos

166 1739 588 1808 computanS‚
627 1720 957 1805 Jubileum
1010 1718 1461 1804 defignaveriS,
1532 1742 1666 1787 non
1720 1722 1892 1789 aliud

169 1833 365 1878 omen
420 1809 763 1896 jucundius
807 1808 935 1873 est:
986 1829 1197 1893 neque
1251 1808 1421 1873 aliud
1471 1809 1731 1895 aliquod
1778 1811 1893 1896 fig-

165 1922 329 1967 num
381 1901 469 1965 rei
520 1895 635 1963 suae
663 1949 682 1981 ,
734 1918 927 1984 quam
982 1897 1214 1962 indicat
1245 1949 1263 1978 ,
1313 1898 1698 1964 manifestius
1742 1921 1892 1965 con-

167 1991 356 2074 gruit.
466 1988 795 2052 Percurrat
828 2037 845 2067 ,
907 2007 1021 2071 per
1071 2006 1172 2051 me
1215 1986 1361 2051 licet
1385 2037 1402 2069 ‚
1453 1990 1740 2073 quisquis
1782 2009 1893 2052 vo-

172 2077 364 2142 luerit
390 2128 409 2157 ‚
459 2074 763 2142 vocabula
802 2074 1041 2159 singula
1071 2126 1089 2155 ,
1140 2095 1420 2159 quorum
1457 2078 1753 2161 princeps
1800 2075 1892 2142 est

168 2165 345 2231 litera
382 2166 451 2232 L.
549 2163 886 2250 Qudquid
932 2161 1033 2224 illa
1063 2163 1217 2225 boni
1255 2161 1616 2246 defignant‚
1663 2166 1891 2248 jucun-

166 2251 407 2319 diffime
455 2251 704 2317 confert
739 2302 756 2331 ‚
806 2249 1122 2334 quidquid.
1176 2252 1455 2314 innuunt
1505 2251 1650 2315 mali
1685 2303 1704 2332 ,
1753 2252 1889 2315 feli-

166 2339 403 2406 ciffime
440 2340 612 2405 tollit
642 2339 710 2406 δε
732 2338 936 2404 aufert
970 2339 1200 2405 Annus
1227 2337 1552 2421 Jubileus:
1603 2337 1650 2403 fi
1679 2342 1888 2424 gratiae

168 2431 364 2513 magis
387 2480 405 2512 ,
455 2430 649 2513 quam
692 2444 926 2493 naturae
962 2428 1272 2490 rationem
1310 2424 1636 2494 admiseris.
1733 2429 1890 2493 Pau-

171 2517 312 2583 cula
352 2517 538 2582 nobis
580 2516 877 2601 exemplo
902 2514 1038 2580 fint.
1154 2516 1384 2581 Annus
1427 2517 1888 2602 Qinquagefi-

170 2626 313 2671 mus
345 2607 642 2690 idemque
683 2604 970 2689 Jubileus
1000 2603 1187 2668 Lacte
1217 2607 1410 2688 quam
1440 2604 1611 2668 dulci
1642 2608 1888 2669 univer-

172 2691 264 2759 sos
295 2696 597 2759 inebriat?
636 2695 941 2759 Laetitiam
965 2707 1266 2777 quantam
1298 2713 1431 2758 non
1468 2695 1632 2778 parit
1664 2693 1886 2758 PLam-

172 2801 282 2866 pas
314 2785 504 2868 quam
537 2782 775 2867 fulgida
815 2778 1099 2866 splendet
1131 2785 1150 2844 ?
1198 2780 1426 2846 Lectus
1457 2784 1650 2866 quam
1693 2778 1888 2846 suavis

171 2869 263 2932 est
299 2924 315 2953 ,
366 2872 435 2940 δε
472 2872 604 2938 Lex
648 2873 865 2937 nonne
901 2868 1293 2934 dulciffima?
1341 2870 1529 2934 Liber
1562 2868 1650 2933 est
1699 2871 1889 2953 privi-

176 2955 486 3040 legiorum
553 2961 798 3045 grandis
868 2980 935 3024 ac
993 2957 1357 3025 confertus:
1422 2956 1887 3024 Liberalitatem

174 3045 385 3113 multo
450 3052 785 3128 maximam
835 3046 1219 3138 profundit:
1288 3047 1670 3116 Libertatem
1715 3043 1886 3111 resti-

1002 3136 1045 3201 b
1741 3135 1886 3203 tuit.
