2122 3507
184 194 249 244 ta
298 168 674 241 illustrantur
696 218 714 248 ,
763 161 1106 247 subjundtis
1153 156 1529 246 Exegefibus
1576 154 1887 227 Asceticis.

187 270 448 350 Semper
476 262 717 344 quippe
745 254 879 318 Viri
918 252 1193 330 Summi,
1243 247 1575 314 clarissimis
1604 249 1891 314 facinori-

186 357 304 419 bus
352 349 578 424 incliti‚
628 345 867 407 Statuas
905 339 973 406 &
1011 339 1320 421 Imagines
1368 338 1693 421 accepere,
1744 357 1894 421 qua-

185 461 330 511 rum
359 457 481 522 ope
507 434 666 497 Viva
695 448 919 494 eorum
940 425 1191 510 Effigies
1221 426 1289 492 &
1321 429 1385 490 in
1409 426 1686 503 Orbem,
1736 425 1805 491 &
1828 427 1896 489 in

182 526 430 604 Secula,
469 522 688 585 merita
712 538 858 582 cum
884 514 1063 581 laude
1091 513 1467 597 vulgaretur.
1565 514 1724 597 Qae
1748 531 1896 595 por-

186 638 260 685 ro
308 613 420 678 alia
466 607 697 691 Effigies
745 606 931 670 anim
1002 602 1063 668 T
1056 605 1123 666 m'
1168 604 1336 668 Vera
1384 603 1576 685 magis
1628 601 1697 667 δε
1733 601 1902 664 Viva

180 704 283 769 edi
312 704 344 764 a
382 698 564 764 nobis
610 709 938 780 potuerat,
988 707 1209 775 praeter
1246 691 1552 773 Regulam
1589 691 1622 754 a
1662 689 1744 753 D.
1784 686 1901 750 Le-

182 791 472 876 gislatore
544 782 1110 860 BENEDICTO
1172 774 1588 862 conscriptam
1634 779 1655 840 ἓ
1761 776 1902 838 Hac

184 879 422 944 etenim
452 871 576 959 ipse
614 875 794 936 Pater
832 869 1122 947 San&US‚
1172 867 1500 931 communi
1529 865 1741 948 elogio
1768 863 1903 926 Om-

183 971 347 1036 mum
393 963 711 1048 Justomm
752 959 981 1044 Spiritu
1006 957 1226 1043 plenus
1252 1004 1269 1036 ,
1320 955 1528 1019 omnis
1564 951 1904 1018 Perfeffim

183 1057 280 1123 nis
313 1069 632 1129 normam>
680 1047 1082 1131 formamque
1114 1044 1286 1107 brevi
1324 1041 1711 1127 compendio
1755 1058 1905 1103 con-

185 1141 384 1207 clufit.
479 1140 583 1203 Tu
622 1138 810 1215 vero,
858 1129 1383 1200 Reverendiffime
1429 1131 1510 1196 D.
1532 1131 1613 1195 D.
1665 1130 1785 1203 PR
1789 1131 1911 1203 AE·

184 1231 392 1308 SUL‚
443 1223 984 1310 quemadmodum
1016 1224 1082 1285 in
1110 1216 1378 1285 sannam
1408 1219 1568 1283 hanc
1596 1217 1907 1301 Regulam

186 1316 386 1384 fanore
432 1309 676 1394 jurasti,
726 1324 929 1391 utque
979 1327 1059 1369 ex
1084 1308 1357 1370 Munere
1389 1308 1536 1371 Tuo
1585 1302 1908 1373 Abbatiali

184 1399 507 1470 adstricstus
537 1418 632 1474 eS‚
681 1416 815 1457 non
841 1415 950 1455 ore
987 1392 1291 1455 duntaxat
1324 1394 1587 1456 eandem
1617 1395 1773 1458 Tuis
1806 1413 1910 1456 ex-

186 1507 461 1579 ponere,
510 1482 731 1547 verum
765 1481 953 1543 etiam
990 1480 1057 1543 in
1096 1477 1271 1542 fastis
1307 1479 1463 1541 Tuis
1495 1479 1785 1562 quotidie
1823 1479 1913 1543 le-

186 1575 457 1663 gendam
505 1569 832 1647 exhibere,
882 1568 966 1631 ita
999 1567 1233 1650 pariter
1274 1565 1494 1630 eadem
1525 1565 1682 1629 nihil
1716 1566 1914 1632 chari-->

186 1687 261 1733 us
308 1663 494 1737 Tibi,
555 1655 713 1721 nihil
762 1656 954 1739 magis
1003 1652 1093 1719 est
1141 1653 1333 1719 cordi.
1430 1653 1622 1719 Unde
1663 1669 1737 1719 ut
1773 1673 1915 1723 eam

187 1771 319 1820 tam
348 1745 473 1835 ipse
503 1741 783 1811 observes
804 1795 822 1824 ,
872 1744 1065 1829 quam
1097 1738 1405 1807 observari
1441 1743 1474 1808 a
1509 1741 1666 1808 Tuis
1693 1739 1916 1809 sedulo

189 1842 408 1918 facias,
455 1854 682 1901 nervos
706 1833 904 1912 certe,
953 1831 1241 1914 viresque
1272 1830 1441 1895 Tuas
1469 1850 1692 1896 omnes
1711 1833 1917 1897 inten-v

189 1930 302 1994 dis.
397 1925 643 1989 Omnes
692 1922 881 2004 igitur
930 1920 997 1984 in
1025 1918 1149 1983 hoe
1173 1914 1508 2002 Opusculo
1548 1917 1768 1985 nostro
1801 1919 1919 1985 Di-

192 2018 354 2083 vitiae
399 2013 553 2077 Tuae
593 2005 1027 2094 exsplicantur.
1123 2005 1460 2091 Quidquid
1509 2009 1680 2072 enim
1716 2010 1781 2075 in
1833 2026 1917 2072 eo'

191 2099 745 2177 commendatum,
794 2096 981 2160 Lucis
1026 2093 1302 2167 eandidae
1337 2094 1527 2158 habet
1562 2097 1917 2178 rationem,

194 2187 467 2276 idipsum
482 2186 603 2265 est,
651 2183 829 2269 quod
854 2187 919 2247 in
956 2184 1132 2247 omni
1164 2183 1310 2247 Vita
1338 2183 1479 2247 Tua
1507 2182 1802 2267 Regulari
1826 2181 1918 2249 so-

187 2275 515 2347 »lertiffime
561 2271 804 2356 semper
851 2270 1127 2336 satutare
1176 2269 1499 2337 studueras
1517 2262 1545 2336 ἶ
1597 2272 1919 2357 quidquid

198 2368 284 2434 ibi
332 2356 813 2449 reprehensum,
860 2358 1173 2423 Umbram
1210 2359 1490 2423 imitatur
1520 2361 1920 2444 nigrantem,

201 2453 411 2520 studio
454 2470 587 2514 non
626 2447 850 2533 impari
890 2444 1200 2510 declinare
1234 2449 1551 2530 perpetuo
1590 2449 1921 2511 contendi-

201 2541 295 2608 sti.
389 2540 601 2626 Qare
626 2537 742 2600 hac
768 2533 929 2600 Luce
964 2533 1033 2599 &
1076 2531 1309 2599 Umbra
1336 2535 1557 2598 Animi
1592 2535 1720 2597 Tui
1750 2537 1919 2601 Vem

195 2651 274 2783 {sle
308 2630 472 2695 Viva
518 2624 747 2709 Effigies
785 2624 935 2688 citra
976 2622 1246 2689 dubium
1278 2619 1777 2689 commodiffime
1813 2623 1917 2689 ab·

226 2717 477 2783 olvitur.

310 2832 512 2901 Testis
541 2884 557 2915 ‚
607 2832 825 2898 contra
871 2849 1067 2917 quem
1114 2831 1404 2917 excipere
1452 2826 1610 2897 nihil
1660 2831 1921 2916 penitus

200 2923 391 3014 poffis
409 2975 426 3005 ,
475 2923 581 2987 Tu
610 2921 793 2985 nobis
821 2918 1148 3005 ipfiffimus
1173 2942 1235 2984 es
1258 2923 1526 3005 proprio
1549 2916 1916 2986 solidiffimae

198 3010 490 3100 Asceseos
538 3010 801 3095 Opere:
868 3011 933 3074 in
982 3029 1115 3093 quo
1156 3009 1474 3073 Sciemiam
1519 3008 1917 3090 Sciemiarmn

198 3101 498 3171 Notitiam
510 3098 626 3187 sui
643 3099 821 3185 {pstm
835 3149 855 3182 ,
891 3113 1005 3187 per
1033 3096 1331 3164 duodecim
1348 3096 1730 3164 Hmuihmtis
1756 3096 1917 3160 ΘΜ-

1777 3182 1913 3267 dm,
