2122 3507
308 182 762 246 Verumtamen
812 178 882 245 Sc
929 179 1228 245 Romanis
1277 180 1432 246 olim
1480 182 1889 266 qualemcun-

165 287 298 355 que
353 269 482 334 haec
532 266 739 335 Litera
778 264 959 331 usum
1010 270 1347 354 praebuerit
1372 322 1389 349 ‚
1440 271 1593 335 boni
1643 267 1887 355 semper

168 360 400 423 ominis
440 375 569 422 erat
592 409 610 437 ,
650 355 1027 440 laudemque
1067 360 1410 441 promerita
1450 358 1555 424 est.
1663 360 1885 424 Gram-

167 449 378 510 matici
405 498 422 526 ,
471 463 544 510 ut
593 446 665 509 R.
710 445 897 508 literae
937 447 1167 509 caninae
1218 444 1608 530 asperitatem
1634 449 1699 512 in
1737 469 1885 533 pro-

168 534 531 600 nunciando
573 532 931 598 emollirent
956 584 973 613 ,
1024 529 1239 618 saepius
1276 536 1345 599 L.
1390 556 1509 619 pro
1537 538 1608 601 R.
1651 533 1886 620 suppo-

164 639 386 688 nentes
424 672 442 700 ,
505 621 709 685 dicere
761 635 817 686 V.
875 644 924 686 e.
980 621 1291 685 malebant
1343 622 1583 686 Puellm
1609 675 1626 703 ‚
1688 627 1882 708 quam

161 711 439 777 Puewm
464 761 480 788 ,
542 708 800 774 Libellus
824 761 842 789 ,
893 711 1084 793 quam
1137 708 1445 774 Liberrm.
1554 712 1761 777 Poeta}
1814 712 1883 776 li-

161 814 361 862 teram
398 796 467 862 L.
514 798 895 882 liquidarum
935 799 999 860 in
1040 818 1310 861 numero
1337 850 1353 878 ,
1394 800 1429 862 i.
1460 820 1511 862 e.
1542 800 1834 864 mollium
1860 852 1880 880 ‚

159 886 452 970 clareque
502 882 973 969 pei-tonantium
1016 885 1336 949 literarum
1390 888 1453 949 in
1495 887 1695 950 choro
1737 909 1879 952 cen-

157 971 349 1039 suere.
470 975 689 1038 Critici
755 974 1066 1037 libroruin
1131 971 1452 1039 censuram
1517 990 1767 1058 agentes
1832 974 1879 1042 fi

154 1061 418 1147 quando
461 1064 526 1126 in
577 1065 856 1146 margine
896 1062 964 1126 L.
1023 1062 1262 1147 duplex
1300 1063 1674 1128 adnotarent
1700 1115 1717 1143 ,
1764 1064 1883 1128 Lo-

153 1170 291 1215 cum
341 1149 521 1215 illum
560 1150 921 1215 laudandum
961 1152 1326 1217 innuebant.
1423 1152 1724 1216 Oratores
1752 1204 1769 1232 ,
1811 1152 1882 1219 &

153 1238 457 1302 Historici
499 1259 613 1323 per
656 1239 898 1304 literam
936 1240 1005 1303 L.
1048 1239 1406 1321 singillatim
1446 1239 1716 1324 positam
1742 1292 1760 1320 ‚
1809 1238 1880 1304 fi-

151 1347 230 1391 ve
269 1330 680 1410 geminatam,
720 1326 1124 1408 designabant
1162 1325 1409 1390 Libram
1434 1377 1451 1405 ,
1500 1327 1578 1389 Se
1632 1332 1880 1407 emittm,

153 1414 384 1496 Legem.
494 1416 568 1477 In
617 1414 848 1478 Numis
874 1462 893 1489 ,
944 1412 1013 1474 δε
1062 1409 1585 1492 Inscriptionibus
1627 1414 1695 1477 L.
1738 1414 1879 1479 sim-

151 1501 334 1588 plex,
389 1499 512 1562 five
539 1497 958 1578 conjunctum
991 1494 1111 1577 legi
1142 1511 1433 1579 oportet,
1481 1497 1741 1578 Lucius,
1780 1502 1883 1564 Li.

149 1589 392 1664 bertus,
443 1583 651 1648 Laems
678 1581 897 1664 libem,
948 1582 1072 1647 five
1099 1582 1419 1666 Laetsffime.
1516 1586 1883 1654 Geometris

149 1673 407 1741 tandem
457 1671 527 1740 δε
566 1671 948 1737 Αϊοῇἰῑεὲὶὶε
989 1671 1119 1735 haee
1146 1671 1354 1736 Litera
1392 1671 1666 1740 formam
1705 1676 1882 1742 dedit

147 1762 405 1847 Regulae
458 1761 755 1826 omnium
807 1756 1332 1825 Mensurabilium
1372 1812 1391 1842 ,
1451 1782 1646 1847 quain
1696 1765 1880 1848 ajunt

144 1850 460 1935 Regulam
486 1848 898 1933 Angularem.
995 1847 1236 1914 Videsis
1276 1849 1490 1915 denuo
1518 1850 1761 1916 literam
1801 1853 1877 1921 L.

145 1943 182 2005 a
210 1939 528 2004 veteribus
563 1934 702 2004 usui
740 1937 948 2018 nulli,
997 1936 1113 2004 nisi
1141 1936 1346 2003 fausto
1373 1990 1391 2021 ,
1441 1938 1556 2006 nisi
1582 1941 1878 2026 jucundo

148 2028 512 2095 adhibitam.

270 2187 477 2270 Nobis
541 2204 740 2271 porro
805 2183 999 2248 hodie
1067 2185 1130 2247 in
1199 2185 1410 2268 primo
1465 2186 1875 2255 Sacerdotalis

145 2275 346 2360 Jubili
400 2275 527 2338 Tui
597 2271 905 2356 Symbolo
933 2324 950 2352 ,
1012 2271 1540 2338 Reverendiffime
1589 2275 1874 2341 Domine

147 2367 270 2440 PR
273 2364 541 2439 AESUL
570 2413 587 2442 ,
636 2357 751 2424 usu
778 2359 967 2444 longe
1007 2357 1293 2426 sanctiori
1333 2362 1873 2449 ,quuagermrja

146 2455 278 2518 haec
305 2452 479 2515 Nota
517 2454 721 2515 vicem
759 2451 885 2533 agit
923 2448 1229 2514 Colmlmae
1254 2501 1272 2529 ,
1323 2454 1423 2514 cui
1465 2449 1650 2516 Call'x
1690 2453 1872 2519 Tuus

148 2539 453 2607 inebrians
505 2540 578 2605 83³
613 2538 951 2623 prceclm‘m
1014 2536 1309 2602 laetiffime
1361 2535 1664 2623 fiiperstat
1689 2592 1707 2620 ,
1768 2541 1870 2605 ad-

151 2628 349 2694 stante
379 2627 456 2693 ad
486 2627 717 2713 pedem
759 2629 1180 2691 innocentiae
1221 2627 1560 2693 domestica
1602 2628 1872 2693 Gentili-

151 2720 234 2782 tia
271 2716 630 2784 Columbnla
667 2716 808 2779 Tua
834 2767 853 2795 ,
902 2736 1050 2780 cum
1079 2714 1369 2781 lemmate
1399 2738 1412 2780 :
1461 2719 1537 2790 T
1539 2718 1871 2791 AMDIU

150 2806 688 2882 PLACUISTI.
765 2806 892 2891 (c)
953 2804 1256 2888 Exegesin
1322 2806 1608 2889 Sy‘mboli
1674 2807 1868 2888 hujus

154 2891 279 2977 ipse
345 2897 613 2980 Spiritus
680 2893 952 2959 Divinus
1014 2896 1266 2978 promte
1319 2894 1503 2959 nobis
1555 2893 1703 2958 facit
1754 2913 1865 2956 ore

154 2982 485 3068 Prophetae
538 2980 699 3050 Isaiae
725 3034 745 3064 ,
792 3003 926 3067 quo
968 2983 1214 3066 ajebat:
1278 2983 1383 3050 Ad
1413 3003 1585 3070 quem
1631 2979 1864 3066 respici-

901 3071 943 3134 b
991 3092 1022 3136 2
1733 3087 1863 3151 am,

159 3223 231 3270 (c)
256 3223 354 3262 Vide
378 3222 416 3262 in
443 3222 580 3260 Tabula
604 3222 734 3272 praevia
765 3220 978 3271 Symbolum
1003 3220 1130 3256 Lmum.
