2122 3507
834 139 978 190 33⁹5(
1001 153 1026 181 0
1050 138 1195 192 ὶὲἓῦἓ
1837 151 1884 204 ⁵9

274 237 366 267 rem
386 226 429 265 B.
446 225 506 266 M.
528 226 583 266 V.
601 221 797 266 Assumtae
821 225 1215 270 Ann.MCCXXX.
1232 225 1539 282 infimulvero‚
1559 231 1753 275 lu&uoso
1771 238 1884 279 Sole.

275 284 442 325 mnium
462 292 549 325 tam
573 282 797 337 disparium
811 288 1018 324 concursu
1035 315 1046 335 ‚
1065 287 1208 326 eadem
1231 286 1298 327 die
1316 289 1503 341 deposita
1521 288 1639 332 fuere
1665 296 1777 346 apud
1805 309 1883 338 nos

277 341 455 396 piiffima
477 340 574 383 Offa
599 339 849 382 Serenisfimi
874 342 1080 396 Principis
1098 344 1366 389 Fundatoris.
1430 348 1513 389 Hic
1534 350 1610 389 sub
1633 349 1719 404 ipla
1738 353 1884 394 Pacifia

275 400 443 442 catione
472 399 648 456 Gregorii
667 401 784 452 Papae
800 399 874 440 IX.
905 400 946 441 ὃς
977 399 1154 441 Frtderici
1176 403 1227 446 II.
1258 404 1551 458 Imperatoris,
1581 407 1881 461 impensiffimo

275 458 416 500 studio
444 461 467 499 a
497 460 536 498 se
571 464 819 510 procurata,
849 456 1162 510 Religiofiffime
1200 460 1309 501 obiit
1336 465 1449 516 apud
1479 465 1514 504 S.
1547 466 1809 509 Germanum
1838 470 1883 511 in

274 516 429 570 Apulia
450 518 502 556 V.
519 516 690 556 Calend.
710 517 819 568 Aug.
850 515 1088 556 Visceribus
1105 517 1144 557 ὅτ
1164 518 1429 561 Carnibusin
1449 523 1600 564 Monte
1618 524 1785 567 Cass'ino
1802 529 1883 568 hu-

275 574 421 623 matis,
452 571 622 614 Oss'ibus
641 573 813 614 veroin
842 573 1081 622 Austriam,
1111 575 1150 616 &
1177 578 1227 616 ad
1247 590 1324 616 nos
1343 591 1477 631 usque
1506 584 1691 624 reveffls.
1746 586 1884 626 Utris-

274 646 359 685 que
381 630 601 671 Solemniis
624 630 667 670 in
689 640 834 672 caetera
855 631 1103 686 Principum
1124 634 1246 673 turba
1270 636 1413 675 aderat
1443 638 1784 693 FRIDERICUS,
1811 657 1885 684 co-

275 698 513 742 gnomento
543 685 769 741 Bellicosus,
799 688 926 729 Filius
948 690 1222 738 Fundatoris‚
1254 705 1394 732 novus
1409 695 1535 745 Dux,
1564 698 1638 750 qui
1664 701 1884 743 paternam

274 747 586 788 Fundationem
604 749 746 800 amplo
765 747 1013 800 Diplomate
1033 749 1326 798 confirmavit,
1357 751 1396 791 ἃ
1412 753 1542 794 auxit.
1601 757 1656 796 D.
1676 756 1774 800 Oito
1797 761 1882 800 Ab.

274 807 343 846 bas
359 819 455 847 cum
472 807 594 846 laude
618 805 729 846 obiit
749 805 815 846 die
834 805 988 859 20.Jul.
1010 807 1431 848 AmMCCXXXIH.

159 873 244 916 IV.
282 877 688 917 BERCHTOLDUS
704 904 716 922 ,
760 874 832 927 qui
862 875 1061 915 defuncto
1092 876 1391 919 FRIDERICO
1423 880 1543 921 Duce
1560 911 1571 930 ,
1611 884 1881 929 Sereniffimae

266 933 544 988 Babenbergicae
582 932 732 984 Stirpis
768 931 952 980 Ultimo,
987 934 1104 986 quod
1125 934 1199 973 sub
1222 933 1358 987 ipsum
1383 950 1482 977 cum
1509 943 1680 994 Ungaris
1699 945 1882 996 prelium

266 991 417 1033 accidit
436 993 515 1030 An.
535 990 813 1030 MCCXLVI.
847 991 885 1031 ἃ
913 991 1144 1031 fluctuante
1174 1004 1229 1032 ex
1256 992 1355 1034 hinc
1384 994 1508 1035 variis
1534 1001 1608 1038 sub
1637 1002 1775 1053 procis
1794 1006 1880 1042 Au-

266 1049 384 1098 stria,
414 1049 519 1089 dura
532 1056 728 1100 tempora
744 1047 877 1098 vixit,
910 1048 1119 1090 constanti
1138 1060 1280 1092 tamen
1301 1051 1445 1093 animo
1463 1057 1630 1096 adverla
1645 1058 1683 1099 ὅτ
1702 1060 1883 1100 meticu-

266 1108 350 1149 losa
367 1105 512 1147 omnia
530 1106 700 1147 fortiter
718 1107 945 1159 superavit.
1018 1107 1175 1148 Videre
1194 1123 1371 1163 quoque
1394 1112 1542 1154 debuit
1565 1114 1640 1155 alia
1659 1119 1746 1157 duo
1766 1119 1881 1158 Sere-

266 1163 430 1206 nisfima
446 1166 633 1213 Funera,
662 1164 860 1206 videlicet
882 1166 936 1205 D.
957 1166 1285 1207 THEODORAE
1307 1168 1484 1210 Duciffae
1504 1172 1765 1215 Fundatricis
1780 1205 1790 1225 ,
1810 1189 1882 1217 oc-

267 1223 394 1265 tiduo
426 1222 523 1277 post
556 1222 709 1264 Filium
738 1224 997 1273 demortuae,
1030 1224 1069 1265 &
1098 1225 1449 1267 MARGARETAE
1475 1229 1584 1270 Filiae
1604 1233 1882 1282 fundatoris,

269 1283 566 1322 Romanorum
587 1296 633 1323 ac
656 1282 949 1321 Bohemorum
978 1281 1144 1333 Reginae
1162 1310 1174 1330 ,
1203 1285 1282 1322 An.
1312 1284 1614 1328 MCCLXVII.
1644 1291 1880 1332 defundiae:

267 1354 398 1394 quam
415 1340 672 1393 postremam
691 1337 760 1378 hic
778 1339 891 1390 apud
912 1350 991 1377 nos
1012 1337 1138 1380 tristis
1158 1340 1206 1378 ad
1220 1340 1500 1393 Sepulchrum
1521 1347 1747 1392 conduxit.
1793 1351 1882 1390 Sub

268 1411 322 1438 eo
343 1397 500 1450 pariter
527 1395 662 1441 DD.ni
685 1397 736 1436 de
755 1397 889 1448 Topel
908 1404 1125 1447 caeperunt
1143 1397 1441 1439 fundationem
1464 1402 1643 1453 Capellae
1666 1406 1702 1445 S.
1718 1407 1882 1448 Mauri-

267 1454 340 1506 tij,
369 1453 499 1494 hodie
511 1452 758 1508 S.Josephi,
788 1455 868 1492 An.
887 1452 1265 1497 MCCXXXVHI.
1323 1454 1430 1495 Item
1448 1458 1580 1497 DD.ni
1597 1462 1647 1501 de
1659 1463 1882 1519 Neytberg

268 1511 567 1553 fundationem
598 1511 777 1562 Capellae
795 1510 832 1550 S.
848 1508 1099 1563 XWolfgangi
1122 1509 1166 1550 in
1186 1509 1389 1564 Capitulo
1410 1515 1517 1555 Ann.
1539 1517 1732 1559 MCCLI.
1792 1523 1882 1575 Ipie

268 1570 443 1610 tandem
464 1568 615 1607 Praesul
634 1569 656 1607 ‘a
671 1567 792 1606 DEO
816 1567 866 1606 ad
883 1568 1121 1607 mercedem
1138 1569 1335 1609 laborum
1354 1582 1531 1613 vocatus
1552 1574 1631 1624 est,
1662 1577 1883 1629 Regimine

267 1626 315 1667 in
335 1638 468 1666 annos
484 1625 582 1666 0610
602 1626 728 1678 supra
747 1622 920 1677 triginta
938 1624 1149 1675 extrario,
1180 1625 1248 1666 die
1273 1638 1336 1677 19.
1353 1627 1839 1682 MaijAnAEICCLXXL

156 1693 212 1738 V.
241 1691 546 1734 HERWICUS
574 1689 687 1745 pari,
718 1697 770 1730 ut
787 1688 1279 1741 Anteceffor,armorum
1301 1706 1382 1746 pro
1394 1696 1558 1739 Austria
1588 1705 1884 1757 concrepanti-

267 1763 343 1792 um
358 1749 502 1791 sonitu
520 1748 567 1790 in
582 1747 897 1790 solicitudinem
916 1749 1050 1798 aetus,
1080 1762 1169 1790 non
1184 1749 1336 1805 impari
1355 1753 1484 1795 animi
1500 1759 1795 1812 magnitudine
1808 1776 1880 1804 va-

267 1809 372 1858 luit,
400 1807 523 1862 Regis
551 1804 716 1848 Otocari
737 1808 869 1860 gratia
888 1804 1043 1860 jugiter
1063 1806 1270 1850 suffultus.
1326 1811 1450 1853 Obiit
1468 1814 1622 1867 quinto
1648 1819 1880 1874 Regiminis

267 1881 381 1908 anno
400 1875 521 1907 aetate
540 1864 712 1920 gravior
734 1863 801 1906 die
817 1877 883 1914 29.
901 1865 941 1905 N
944 1867 1137 1906 ovembr.
1155 1869 1233 1906 An.
1257 1868 1561 1914 MCCLXXV.

155 1936 238 1982 VI.
266 1935 472 1978 PAULUS
501 1935 531 1975 Ι.
559 1931 790 1988 prudenti&
806 1935 951 1976 ecoelis
970 1934 1154 1989 flagitata
1169 1935 1282 1979 inter
1304 1940 1619 1993 potentiffimos
1642 1946 1880 2003 Principes,

269 1993 633 2036 RUDOLPHUM
662 1994 691 2033 Ι.
731 1993 1075 2047 Habspurgicum
1115 1996 1423 2049 Imperatorem
1444 2028 1456 2047 ‚
1486 2001 1524 2042 δε
1555 2000 1768 2047 Otocarum
1796 2010 1878 2049 Bo·

269 2051 422 2094 hemiae
439 2052 595 2104 Regem
616 2080 630 2101 ,
662 2051 897 2092 decretorie
918 2065 1000 2104 pro
1022 2052 1188 2094 Austria
1213 2057 1472 2097 decertantes
1492 2088 1503 2108 ,
1536 2058 1594 2100 ita
1614 2062 1652 2100 se
1684 2065 1876 2108 medium

269 2108 391 2165 gessit
409 2140 421 2158 ,
454 2119 505 2151 ut
529 2118 734 2150 neutrum
757 2108 1021 2150 offenderet:
1051 2111 1253 2151 Caesarem
1274 2122 1415 2155 tamen
1434 2145 1446 2164 ‚
1476 2121 1499 2155 a
1533 2130 1622 2170 quo
1640 2120 1876 2165 weronam

270 2171 471 2211 staturam
511 2166 722 2220 sapienter
760 2165 994 2219 praesagiit‚
1017 2167 1233 2228 ‘devotius
1265 2183 1442 2226 quoque
1481 2174 1616 2214 coluit
1638 2205 1650 2225 ,
1689 2178 1839 2232 insigni
1861 2211 1874 2232 ‚

271 2228 391 2281 quod
414 2225 558 2278 postea
577 2223 719 2276 patuit
740 2252 754 2272 ,
782 2223 1024 2278 Monasterij
1054 2226 1365 2270 emolumento.
1423 2231 1580 2272 Ultima
1597 2234 1726 2277 subiit
1745 2238 1813 2279 die
1831 2252 1874 2290 9.

271 2285 351 2340 Jul.
375 2286 454 2324 An.
474 2282 822 2323 MCCLXXVII.

162 2354 272 2397 VII.
301 2354 660 2397 CHUNRADUS.
689 2354 722 2399 I.
762 2351 1008 2407 Rudolphum.
1045 2355 1076 2396 I.
1113 2357 1421 2410 Imperatorem
1440 2388 1452 2408 ‚
1484 2360 1875 2420 devi&o‚caefi3que

262 2412 459 2464 Otocaro‚
479 2412 682 2454 universae
700 2411 875 2454 Austriae
897 2412 1116 2455 Victorem
1146 2430 1192 2456 ac
1218 2416 1660 2473 Dominum‚primus
1685 2423 1872 2466 humilli-

262 2473 334 2513 me
364 2473 544 2512 salutans
571 2501 584 2522 ,
626 2471 677 2512 ab
698 2483 749 2511 eo
770 2470 1131 2514 clementiffimam
1156 2474 1538 2531 ampliffimamque
1559 2480 1834 2523 Panchartam
1859 2515 1872 2534 ‚

262 2532 348 2572 five
368 2528 763 2571 Confirmationem
800 2529 997 2571 omnium
1026 2530 1354 2586 Privilegiorum
1380 2565 1393 2585 ,
1429 2536 1596 2588 Jurium
1613 2567 1625 2587 ‚
1653 2538 1873 2582 Poffeffio-

262 2587 457 2642 numque
477 2585 720 2641 Monasterij
748 2588 955 2630 obtinuit.
1012 2588 1143 2630 Ceffit
1167 2591 1273 2632 vero
1297 2593 1494 2647 regimini
1512 2596 1746 2646 Abbatiah',
1774 2612 1870 2652 pro,

262 2647 364 2688 vide
391 2660 438 2688 ac
463 2646 728 2688 laudabiliter
757 2646 873 2700 gesto
894 2650 974 2687 An.
1002 2648 1330 2691 MCCLXXXI.
1379 2652 1419 2693 &
1447 2652 1619 2694 biennio
1654 2655 1798 2708 postea
1826 2657 1871 2698 in

264 2708 409 2748 charta
429 2703 636 2803 lleeicbardi
664 2705 842 2747 Abbatis
875 2705 1010 2748 nostri
1030 2706 1287 2761 subscriptus
1305 2709 1462 2764 legitur
1480 2724 1580 2753 cum
1598 2713 1738 2767 elogio
1754 2727 1869 2767 quon·

271 2763 355 2806 dam
377 2764 442 2804 Ab
468 2775 525 2804 as.

162 2835 298 2878 VIII.
325 2832 609 2874 GEORGIUS
647 2831 678 2872 I.
711 2830 940 2873 brevisIimi
970 2832 1199 2889 Regiminis
1225 2835 1372 2878 Praesul
1397 2867 1409 2888 ‚
1448 2839 1578 2880 unico
1602 2840 1769 2881 tantum
1803 2839 1868 2879 In-

275 2892 513 2935 strumento
531 2920 544 2940 ‚
575 2891 614 2932 &
645 2890 788 2944 Sigillo
806 2920 819 2941 ‚
848 2904 1006 2933 nomen
1039 2891 1127 2947 ejus
1150 2894 1300 2935 diserte
1329 2898 1536 2939 referente
1553 2927 1566 2948 ‚
1595 2897 1719 2939 nobis
1741 2895 1869 2936 inno·

277 2950 363 2991 tuit
382 2953 460 2990 An.
491 2949 820 2992 MCCLXXXI.
846 2950 930 2990 hoc
948 2949 1040 3004 ipso
1058 2966 1171 2993 anno
1195 2954 1432 2996 defun&us.

166 3021 250 3064 IX.
279 3020 603 3062 LUDOVICUS
636 3033 726 3061 non
749 3019 1024 3071 diuturnior,
1054 3021 1095 3063 ὅτ
1123 3024 1246 3075 plane
1275 3026 1392 3065 nullo
1421 3024 1467 3066 in
1501 3025 1682 3077 catalago
1717 3022 1865 3065 nostro

278 3077 485 3119 Abbatiali
501 3077 712 3120 anteriore
730 3077 958 3132 descriptus
977 3108 989 3127 ‚
1022 3082 1263 3134 comparuit
1282 3082 1326 3123 in
1344 3082 1630 3124 Instrumento
1650 3082 1864 3122 venditio-

279 3135 345 3178 nis
378 3164 394 3187 ,
451 3137 570 3191 quod
622 3136 757 3178 veluti
794 3136 910 3179 feudi
956 3136 1172 3180 Dominus
1214 3140 1453 3196 obsignavit
1489 3139 1556 3182 die
1599 3152 1668 3189 25.
1696 3140 1865 3195 Januar.

1026 3196 1065 3236 C
1784 3200 1864 3239 An.
