2122 3507
188 200 436 268 fructus
466 200 958 288 propemodum
1008 204 1396 271 insomnes:
1457 208 1598 293 J‘ure
1638 213 1909 296 proinde

183 292 443 376 optimo
469 292 867 357 Hilaritatem
895 292 1218 375 publicam
1246 314 1666 379 promeretur.
1742 301 1909 367 Con-

183 380 421 466 gaudet
462 378 730 444 Ecclesia
757 379 975 463 Jubilo
1003 380 1153 445 Tuo
1180 435 1198 462 ‚
1250 383 1319 450 &
1360 385 1537 467 ideo,
1577 388 1911 456 ordinante

183 468 291 534 illa
315 520 334 549 ,
384 468 553 533 haud
581 465 750 532 secus
774 519 791 549 ,
841 485 1031 552 atque
1062 490 1183 553 pro
1212 473 1503 539 Primitio
1533 477 1868 543 Sacerdote
1891 531 1909 560 ‚

182 556 521 624 Paraclitus
565 558 834 642 Spiritus
881 556 1141 623 sancius
1185 581 1357 625 novo
1397 563 1590 629 hodie
1639 567 1907 651 Hymno

178 664 303 732 pro
331 644 425 708 Te
450 646 515 710 in
555 661 704 710 vota
733 662 992 712 vocatus
1023 645 1151 711 est:
1202 647 1455 713 decreta·
1478 651 1624 717 Tibi
1648 705 1666 734 ,
1695 657 1907 740 aeque,

176 750 254 799 ut
283 731 528 817 Sponso
557 755 731 799 novo
749 786 765 816 ,
807 737 1112 814 Coronae,
1148 731 1420 822 ferrique
1445 738 1763 825 Nuptialis
1793 743 1905 808 fio-

174 822 311 887 rida
335 823 614 908 Pompa:
643 822 858 886 fideles
885 842 1106 887 omnes
1134 824 1211 888 ad
1242 846 1476 891 novam
1510 829 1906 898 Benedictio-

174 929 326 977 nem
363 911 571 974 Tuam
599 961 617 992 ,
667 909 1234 996 humillimumque
1275 914 1506 981 Manus
1542 915 1696 982 Tuae
1732 912 1902 985 oscuss

168 999 305 1063 lum
340 999 691 1063 convocati.
788 1000 1170 1083 Congaudet
1198 1002 1401 1067 Patria
1431 1054 1449 1083 ‚
1499 1006 1681 1088 cujus
1709 1007 1903 1074 Reve-

167 1084 511 1151 rendiffimi
535 1139 551 1167 ,
600 1086 1114 1153 Excellentiffimi
1138 1142 1156 1171 ,
1211 1090 1605 1158 Illustriffimi
1635 1145 1652 1175 ‚
1701 1096 1900 1161 Nobi-

167 1172 373 1241 liflimi
420 1177 720 1241 Proceres
748 1227 765 1255 ,
816 1178 1166 1262 ingensque
1217 1179 1489 1245 3110111111
1536 1184 1900 1268 Spectabili-

165 1284 279 1329 um
303 1316 322 1345 ‚
373 1264 442 1331 ἃ
470 1264 959 1331 Venerabilium
1010 1264 1359 1349 Hospitum
1401 1271 1694 1337 cumulus
1720 1324 1738 1355 ‚
1790 1273 1897 1340 has

160 1353 333 1419 Tuas
363 1353 439 1417 ad.
469 1354 742 1436 Nuptias
769 1369 1192 1417 accurrerunt.
1291 1356 1717 1438 Congaudent
1747 1382 1895 1429 con-

163 1442 345 1525 juges
381 1439 658 1521 Jubilei,
709 1458 992 1522 quorum
1036 1439 1251 1521 plures
1282 1490 1299 1517 ‚
1353 1459 1579 1523 praeter
1618 1445 1893 1530 vestem,

163 1529 528 1609 caenarnque
563 1523 940 1609 Nuptialem
971 1525 1428 1591 1361161118110116
1456 1550 1621 1595 nova
1662 1538 1893 1601 166163-

160 1615 252 1682 sti.
349 1613 778 1697 Congaudent
804 1613 1119 1698 Pauperes
1145 1666 1163 1696 ,
1213 1616 1371 1700 qui,
1422 1617 1572 1684 cum
1598 1620 1746 1686 Tibi
1770 1623 1891 1689 fint

157 1701 401 1789 semper
425 1701 676 1782 (1116611,
707 1701 947 1787 tuaque
975 1703 1151 1788 Stipe
1179 1704 1549 1789 quotidiana
1574 1758 1593 1789 ,
1641 1710 1741 1775 vel
1766 1711 1890 1778 alio

147 1789 592 1858 misericordiae
631 1809 860 1875 genere
917 1790 1116 1857 indies
1166 1789 1570 1862 subleventur
1597 1847 1616 1878 ,
1666 1800 1733 1865 in
1771 1800 1887 1867 hac

147 1882 260 1947 die
297 1877 723 1947 Exultationis
752 1880 906 1944 Tuae
929 1879 1306 1965 singularem
1333 1885 1398 1948 in
1422 1880 1479 1948 se
1502 1886 1886 1957 Munificen-

153 1973 308 2036 tiam
339 1969 545 2034 Tuam
569 1970 810 2052 ingenti
840 1988 1112 2034 numero
1145 1973 1579 2056 experiuntur.
1675 1976 1776 2042 Ne
1795 1979 1885 2043 di-

158 2078 296 2124 cam
332 2108 350 2138 ,
401 2056 623 2142 gestire
663 2057 733 2125 81
775 2054 969 2142 ipsam
1022 2059 1364 2124 Ecclesiam
1413 2061 1691 2129 nostram
1717 2116 1735 2145 ‚
1783 2069 1881 2133 uti

150 2147 413 2213 antehac
440 2148 472 2211 a
500 2147 594 2210 Te
623 2164 950 2210 ‘marmore
993 2146 1062 2211 δε
1106 2150 1291 2212 Α1110
1330 2150 1662 2233 magnifice
1702 2153 1878 2238 largi-

152 2238 377 2320 terque
418 2249 783 2298 exornatam
814 2286 832 2315 ,
895 2234 979 2298 ita
1022 2233 1091 2301 &
1139 2236 1338 2301 modo
1392 2234 1876 2323 splendidiffima

148 2323 470 2408 Nuptialis
524 2323 802 2389 Ornatus
855 2322 982 2387 Tui
1044 2323 1428 2391 Pontificalis
1470 2326 1877 2412 Supellectile

145 2414 520 2478 decoratam.
615 2412 710 2476 Ita
737 2412 984 2476 Tecum
1014 2411 1206 2477 hodie
1239 2414 1559 2500 Campilili
1561 2418 1586 2500 j
1600 2416 1873 2500 jubilant

147 2502 376 2566 omnia.
473 2504 635 2565 Eant
671 2502 862 2584 igitur
911 2500 981 2567 ἃς
1026 2502 1119 2565 hae
1162 2517 1384 2569 tenues
1413 2504 1730 2571 Chartulae
1756 2528 1869 2573 no-

148 2588 281 2655 strae
307 2640 325 2670 ‚
374 2589 566 2672 hujus
594 2589 791 2672 Jubili
829 2590 1074 2654 nunciae
1108 2641 1127 2671 ,
1176 2608 1321 2658 63111
1355 2596 1420 2658 111
1446 2590 1818 2679 praesentem
1847 2646 1867 2679 ‚

147 2694 289 2745 eant
320 2678 390 2745 &
429 2693 775 2743 venturum
803 2680 868 2743 in
897 2678 1137 2743 orbem.

249 2800 515 2863 Portent
555 2799 752 2883 porro
803 2818 930 2864 una
968 2796 1176 2864 secum
1212 2800 1337 2865 hoc
1377 2797 1583 2868 solum
1616 2853 1633 2883 ‚
1683 2803 1862 2887 quod

145 2881 448 2970 superest,
484 2903 711 2960 votum
739 2889 1032 2954 omnium
1060 2887 1378 2955 nostrum:
1419 2908 1493 2956 ut
1522 2892 1861 2974 nimirum,

140 2978 543 3058 quantumvis
593 2977 860 3042 Annum
900 2978 1028 3060 jam
1064 2977 1359 3043 octavum
1388 2975 1567 3064 supra
1598 2980 1857 3062 Septua-

139 3061 446 3147 gefimum
471 3084 608 3148 agas
631 3116 649 3144 ,
699 3061 1093 3131 nihilosecius
1117 3083 1328 3131 tamen
1352 3069 1539 3131 etiam
1565 3081 1852 3131 centena-

131 3151 307 3218 rium
372 3147 618 3239 superes
640 3204 660 3233 ,
720 3154 922 3242 utque
985 3171 1160 3221 aetate
1209 3155 1509 3223 Secularis
1535 3204 1555 3235 ‚
1629 3174 1850 3306 111116111-

937 3263 974 3309 6
1000 3265 1031 3313 2
1633 3263 1666 3308 a
1712 3262 1846 3311 mo-
