2122 3507
197 189 647 257 Voluminibus
671 239 689 271 ,
735 186 876 253 Tua
922 183 1125 254 Manu
1165 183 1574 274 conscriptis,
1624 204 1912 254 commo-

187 277 504 344 diffimum
530 277 817 344 Historiae
843 276 1066 342 nostrae
1095 278 1497 362 Apparatum
1524 274 1907 361 congeffisti:

187 367 553 433 Indiculum
581 365 1130 450 Chronologicum
1156 366 1666 433 memorabilium
1694 366 1906 449 cujus-

186 454 340 520 libet
379 457 509 521 fere
546 457 691 520 anni
715 453 1030 520 factorum
1052 453 1263 517 labore
1296 476 1429 520 non
1456 456 1722 520 minimo
1753 473 1907 520 con«

185 544 473 609 cinnasti:
524 542 984 626 Necrologium
1046 540 1334 607 nostrum
1404 546 1603 609 Vetus
1653 544 1902 608 univer-

182 629 317 696 sum
357 632 615 698 eruditis
641 631 1184 698 Elucidationibus
1225 650 1389 714 nova
1426 633 1683 716 penitus
1712 632 1777 696 in
1807 630 1899 695 lu-

181 741 251 784 ce
298 717 597 804 posuisti:
649 723 714 786 in
752 717 1152 786 Sereniffimae
1190 718 1447 784 tandem
1490 718 1748 784 Ducalis
1787 720 1838 784 F
1841 741 1899 784 a-

179 807 364 873 miliae
398 807 875 892 Babenbergicae
912 808 1305 873 Fundatricis
1339 805 1564 872 nostrae
1604 804 1897 872 obscuris-

174 895 393 962 fimam
436 900 502 962 in
543 897 795 963 Austria
853 896 1193 980 Originem
1249 896 1553 981 peculiari
1603 891 1897 979 Opuscu-

175 984 240 1048 lo
264 1035 282 1066 ‚
333 985 539 1049 adhuc
576 986 783 1066 MSJ0,
830 985 898 1052 Sc
948 983 1191 1064 studio,
1241 1005 1376 1069 quo
1410 984 1557 1048 Tibi
1593 1003 1708 1067 per
1736 983 1896 1049 Prae-

173 1067 388 1137 sularia
423 1075 676 1157 negotia
706 1075 982 1137 maximo
1022 1074 1231 1153 licuit,
1281 1069 1673 1156 investigasti.
1769 1071 1894 1138 Sed

168 1162 477 1247 quoniam
517 1161 889 1246 hujusmodi
917 1161 1140 1247 Opus,
1190 1161 1260 1228 δε
1282 1163 1760 1246 Argumentum
1797 1156 1897 1224 sae-

169 1269 251 1334 pe
288 1245 503 1334 saepius
546 1271 932 1335 magnopere
970 1252 1368 1328 intricatum,
1419 1253 1482 1315 in
1522 1249 1648 1313 hoc
1684 1248 1891 1314 erudi-

164 1334 394 1402 tiffimo
418 1390 435 1418 ,
461 1342 844 1422 penitusque
900 1338 1141 1401 Critico
1183 1337 1444 1416 Secum,
1494 1356 1643 1401 cum
1692 1336 1891 1421 quali-

163 1445 422 1509 cunque
469 1424 771 1507 dignitate
815 1424 1214 1488 trac'tandum
1257 1423 1509 1504 aggredi
1544 1444 1737 1488 nemo
1775 1445 1889 1490 no-

164 1511 361 1577 strum
389 1510 513 1574 five
555 1511 808 1588 debuit,
856 1508 980 1573 five
1016 1510 1266 1591 potuit,
1315 1510 1687 1594 priusquam
1715 1512 1887 1575 debi-

165 1618 227 1665 ta
264 1596 537 1662 lectione
563 1646 582 1678 ,
631 1598 972 1661 exercitato
997 1596 1240 1679 judicio
1264 1648 1282 1679 ,
1333 1596 1594 1682 aliisque
1627 1597 1888 1663 necefla-

164 1688 267 1752 riis
295 1684 372 1750 ad
416 1685 786 1770 hujusmodi
834 1686 1261 1769 Scriptionem
1302 1683 1700 1752 facultatibus
1735 1708 1888 1772 prae-

165 1777 264 1840 vie
303 1770 452 1854 sese,
502 1776 664 1839 inter
703 1772 909 1839 officia
950 1773 1019 1840 δε
1056 1775 1348 1839 exercitia
1377 1790 1593 1840 caetera
1617 1775 1884 1860 Regula-

166 1866 288 1944 ria‚
339 1860 775 1951 comparasset:
828 1862 1014 1927 dilata
1041 1860 1130 1926 est
1170 1863 1300 1928 haec
1339 1863 1494 1949 Spes
1520 1864 1662 1928 Tua
1684 1864 1761 1929 ad
1785 1885 1885 1932 us·-

157 1973 288 2038 que
326 1954 617 2038 proxime
653 1947 930 2037 elapsum
968 1952 1334 2017 triennium.
1429 1951 1686 2018 Abinde
1713 1948 1885 2019 suda-

158 2058 301 2106 tum
342 2039 431 2104 est
461 2040 757 2126 quidem,
802 2040 876 2107 ⁴&
914 2038 1050 2121 ille,
1100 2061 1297 2124 quem
1338 2038 1572 2125 Operae
1599 2041 1749 2107 huic
1775 2041 1884 2107 de.

157 2127 486 2195 stinaveras
524 2181 540 2209 ‚
602 2131 636 2194 a
712 2128 807 2192 Te
875 2128 970 2192 his
1044 2130 1187 2192 unis
1260 2127 1580 2194 laboribus
1652 2132 1884 2213 gratio-

157 2215 378 2282 fiffime
404 2216 527 2281 fuit
550 2214 890 2302 permissus.
985 2215 1443 2281 Verumtamen
1474 2215 1673 2282 moles
1701 2217 1882 2302 Ope-

157 2308 239 2370 ris
274 2304 531 2386 vastior,
580 2303 849 2370 universi
892 2303 1176 2370 Archivii
1203 2355 1220 2384 ,
1268 2306 1463 2369 veteri
1495 2300 1882 2389 supellectile

155 2411 284 2461 tam
340 2393 677 2479 opulenti,
738 2393 1040 2459 Evolutio
1067 2445 1085 2474 ,
1133 2388 1443 2458 Discretio
1471 2443 1490 2476 ‚
1540 2393 1882 2477 Recens10,

154 2484 271 2547 rite
301 2498 595 2569 praeterea
633 2478 1033 2547 subducenda
1068 2481 1506 2565 Chronologia
1530 2532 1550 2563 ‚
1600 2482 1880 2549 eruenda

152 2571 395 2637 Veritas
425 2623 443 2652 ,
493 2570 870 2653 condendae,
920 2570 990 2636 δε
1029 2569 1153 2634 fide
1194 2589 1474 2654 congrua
1522 2567 1879 2639 suffulcien-

154 2658 245 2724 dae
295 2676 399 2735 tot*
436 2659 834 2743 Genealogiae
860 2710 878 2740 ,
940 2675 1040 2725 tot
1079 2657 1289 2743 Sigilla
1323 2679 1402 2724 ex
1440 2658 1878 2743 Originalibus

154 2747 317 2815 AEris
359 2748 580 2814 ordine
619 2750 937 2813 concinno
980 2746 1378 2833 depingenda
1403 2798 1422 2828 ,
1470 2747 1720 2813 nonnifi
1746 2749 1877 2813 To-

153 2843 333 2903 mum
357 2858 563 2903 unum
589 2840 822 2902 interea
846 2832 1296 2902 absolvendum
1321 2837 1679 2921 permisere.
1743 2836 1874 2901 Hic

156 2927 351 3009 porro
386 2924 1336 3013 Diplomatico-Geneal‘ogicus
1384 2941 1559 2990 totus
1585 2976 1604 3004 ,
1650 2922 1872 2989 funda-

157 3016 357 3077 menti
399 3017 591 3099 magis
629 3015 862 3080 habens
902 3015 1243 3095 rationem,
1290 3015 1484 3099 quam
1511 3027 1584 3077 ut
1610 3012 1675 3076 in
1703 3014 1871 3097 capi-

153 3115 219 3168 te
252 3104 411 3191 poni
449 3105 732 3190 potuerit
755 3155 774 3186 ,
825 3101 895 3173 &
927 3109 1229 3192 apparere
1253 3154 1273 3188 ,
1321 3103 1554 3188 absque
1590 3098 1869 3185 Reliquo

507 3207 509 3210 ’
1023 3213 1059 3260 e
1731 3209 1866 3257 cor-
