2122 3507
179 120 223 152 26
844 104 987 150 ἔΕἳ-Ξῶ(
1011 115 1038 141 0
1062 101 1208 151 Χῖἒέῧὲ

175 195 423 240 testimonio
462 193 539 232 vix
577 187 734 242 aliquid
773 188 943 228 refero:
971 185 1182 240 quidquid
1213 196 1356 229 tamen
1385 187 1549 228 adduco
1580 217 1591 236 ‚
1620 188 1695 229 niss
1727 188 1874 230 funda.

173 265 324 297 mento
355 247 628 304 diplomatico
651 275 663 293 ,
695 246 761 286 vel
793 244 948 285 inviCta
986 243 1148 284 nitatur
1186 245 1477 291 Aueloritate‚
1520 246 1669 286 nullibi
1713 245 1841 287 affero
1865 275 1877 287 .

177 311 344 368 proque
374 308 518 349 afferto
556 304 685 343 velim
718 302 876 343 haberi.
952 302 1018 342 Ne
1056 302 1336 343 nihilominus
1372 303 1636 356 frequentius
1673 303 1878 357 conjicere

180 382 351 424 cogerer
371 397 381 415 ‚
412 377 557 404 cavere
596 375 684 401 non
725 360 878 413 potui:
907 363 1076 402 rursum
1105 370 1248 402 autem
1277 361 1383 402 nihil
1413 375 1564 402 eorum
1590 391 1602 412 ‚
1641 375 1736 415 quae
1776 363 1878 402 fate-

182 443 233 470 or
261 423 440 477 conjesta
458 450 471 470 ,
502 418 759 474 pronuncio.
962 432 965 433 ⁷

307 538 446 587 Atque
494 534 546 574 fic
594 531 797 586 descripta
841 530 1041 572 haelenus
1090 530 1286 582 ratione,
1335 531 1580 574 Ledoribus
1606 561 1620 582 ‚
1664 540 1714 572 ut
1751 544 1891 579 reor,

180 590 514 638 commodiffima
534 621 546 641 ‚
577 591 778 645 qualique
808 602 935 629 nemo
964 589 1163 629 haetenus
1193 589 1325 639 alius,
1358 593 1476 644 quod
1506 590 1627 630 sciam
1649 619 1661 640 ‚
1689 588 1885 630 conlimi-

177 658 216 696 ιε
261 664 371 705 opus
418 649 621 691 instruxit
646 679 656 695 ‚
695 656 846 702 praeter
882 647 1099 699 ingentem
1141 649 1417 689 Personarum
1454 649 1694 701 Dignarum
1733 660 1884 687 nume-

182 724 278 753 rum
298 740 309 759 ‚
341 707 528 748 Familias
561 708 808 761 Nongentas
848 706 946 746 offilo
976 706 1015 746 &
1046 705 1268 759 Sexaginta
1298 716 1392 747 tum
1424 707 1605 748 Illustres
1635 737 1646 751 ,
1679 715 1774 746 tum
1805 718 1885 745 no-

180 769 280 810 biles
301 796 312 815 ,
342 769 409 806 vel
440 765 657 820 Equestres
687 795 699 815 ‚
745 773 818 805 aut
855 765 1061 818 Ingenuas
1100 766 1242 805 saltem
1261 792 1273 812 ,
1319 763 1470 818 suic'1ue
1500 765 1750 804 memoriam
1780 777 1883 814 pro-

182 827 351 868 meritas
384 825 426 864 in
466 827 604 865 lucem
634 823 868 864 revinclico,
949 823 1095 862 Parem
1133 832 1332 875 praeterea
1368 821 1612 877 Sigillorum
1654 833 1884 861 numerum

180 897 308 927 manu
338 896 428 922 mea
457 895 510 923 ex
539 881 663 922 meris
699 879 988 934 Originalibus
1017 879 1231 932 pietorum
1253 910 1264 929 ‚
1297 894 1343 921 ac
1378 894 1476 921 cura
1509 893 1603 920 mea
1632 910 1642 929 ‚
1675 878 1886 919 sumtibus

180 942 287 984 vero
331 941 571 982 liberalibus
608 937 952 980 Reverendiffimi
983 939 1037 978 D.
1070 938 1254 978 Praesulis
1283 938 1396 988 mei,
1430 951 1504 992 per
1534 940 1802 991 Sculptorem
1834 937 1883 976 ad

180 1015 260 1043 nos
290 1002 572 1049 advocatum,
602 998 694 1038 ae'cu
728 995 807 1050 jam
849 996 918 1036 aeri
964 997 1155 1037 accurate
1193 994 1420 1036 incisorum
1446 1026 1458 1045 ‚
1490 995 1533 1036 in
1565 996 1754 1036 medium
1785 1006 1888 1048 pro-

182 1059 261 1101 tuli
287 1089 298 1108 ,
330 1057 421 1098 satis
443 1087 455 1107 ,
495 1067 544 1097 ut
579 1069 706 1106 reor,
737 1054 958 1096 honestam
1003 1054 1130 1094 unius
1169 1053 1359 1094 Archivii
1399 1053 1720 1107 Supelleffilem.
1802 1053 1888 1092 Ne-

184 1130 269 1170 que
307 1126 448 1157 tamen
490 1123 750 1168 propterea,
795 1111 890 1167 quis
932 1111 976 1152 in
1015 1113 1101 1152 hoc
1137 1124 1269 1165 opere
1304 1111 1452 1153 nostro
1482 1111 1684 1152 univerlae
1712 1109 1887 1151 Austriae

185 1172 509 1227 Genealogicam
538 1171 801 1225 praestoletur
829 1169 1168 1210 Illustrationem.
1231 1170 1332 1210 Non
1355 1169 1469 1210 enim
1501 1171 1551 1210 de
1579 1169 1783 1209 omnibus
1815 1170 1890 1208 Fa-

182 1232 309 1273 miliis
340 1230 484 1271 Patriis
521 1242 631 1281 ago,
669 1230 734 1268 sed
779 1228 1050 1266 solummodo
1097 1228 1148 1266 de
1186 1226 1235 1266 iis
1259 1257 1272 1276 ‚
1309 1241 1402 1281 quae
1441 1227 1486 1269 in
1526 1227 1695 1268 Chartis
1732 1225 1890 1267 nostris

182 1297 473 1331 occurrerunt.
553 1286 641 1325 Has
678 1283 784 1323 vero
813 1284 852 1323 &
881 1281 988 1334 ipsas
1016 1295 1156 1336 neque
1185 1293 1336 1335 repeto
1367 1285 1490 1326 altius
1519 1315 1532 1335 ‚
1579 1298 1719 1340 neque
1749 1282 1891 1336 longi-

179 1350 228 1387 us
258 1347 420 1386 deduco
442 1372 455 1392 ‚
494 1344 623 1396 quam
654 1342 822 1382 Chartae
864 1339 1046 1389 nostrae,
1084 1342 1152 1380 vel
1183 1340 1362 1381 aliorum
1402 1342 1707 1384 Archiviorum
1743 1341 1883 1383 haete-

180 1417 258 1445 nus
286 1403 563 1456 vulgatorum
587 1430 600 1450 ‚
629 1413 697 1440 me
728 1400 780 1440 de
806 1396 958 1438 iisdem
980 1410 1102 1451 agere
1129 1397 1426 1451 permiserunt.

293 1529 343 1566 In
386 1525 678 1578 qualecunque
727 1519 901 1562 interim
937 1519 1158 1574 Specimen
1203 1517 1529 1574 Illustrationum,
1571 1523 1675 1564 huie
1711 1519 1893 1574 Recenlin'

181 1580 717 1637 Diplomatr'co-Genealogico
756 1582 779 1620 a
816 1593 886 1620 me
923 1578 1163 1619 additarum
1193 1608 1205 1628 ‚
1251 1592 1307 1621 ex
1349 1593 1479 1634 quam
1517 1581 1713 1634 plurimis
1749 1583 1892 1622 obser-

178 1640 424 1684 vationibus
449 1669 462 1690 ,
497 1636 875 1693 Disquifitionibus
901 1667 914 1687 ‚
959 1637 999 1678 &
1039 1637 1419 1679 Emendationibus
1452 1637 1622 1679 Criticis
1646 1670 1658 1690 ‚
1698 1638 1781 1680 illic
1816 1652 1891 1680 oc-

180 1699 478 1749 currentibus,
506 1698 702 1753 pauculas
728 1697 937 1739 duntaxat
974 1694 1133 1750 aliquas
1165 1697 1387 1752 sequentes
1418 1696 1669 1741 Le&oribus
1696 1696 1886 1739 Eruditis

594 1887 1475 2086 EXCEBPTA.

186 2129 431 2197 Tabula
461 2127 537 2192 ΙΙ.
565 2126 825 2192 ΤΟΜΙ
869 2128 968 2193 Ill.
1004 2148 1136 2212 quae
1167 2131 1418 2194 exhibet
1444 2130 1898 2204 IllustrationeS,

254 2214 672 2272 Observationes,
704 2212 1088 2283 Disquifitiones
1116 2250 1131 2272 ‚
1175 2218 1225 2270 &
1256 2216 1644 2268 Emendationes
1675 2213 1827 2266 Criti-

867 2298 932 2327 cas
963 2298 1210 2341 praempuas.

190 2413 371 2512 APud
405 2407 547 2469 Ugbelli
575 2410 736 2454 Italiam
761 2411 924 2454 Sacram
965 2412 1251 2456 restituuntur
1281 2416 1424 2470 plures
1452 2411 1666 2468 Episcopi.

193 2549 383 2595 Plurium
428 2546 655 2589 celebrium
698 2548 1057 2592 Monasteriorum
1084 2582 1096 2602 ‚
1143 2551 1183 2592 &
1229 2547 1522 2590 Canoniarum
1561 2546 1753 2602 Catalogi
1792 2548 1898 2589 Prae·-

300 2609 451 2649 sulares
470 2636 483 2657 ‚
513 2606 713 2647 haetenus
732 2608 916 2662 vulgati,
933 2608 980 2651 in
1009 2609 1156 2651 multis
1187 2610 1274 2650 five
1303 2617 1512 2649 notantur
1538 2637 1551 2659 ,
1588 2607 1674 2648 five
1700 2608 1897 2660 iupplen.

308 2675 393 2707 tur.

192 2741 469 2786 celeberrimi
516 2740 683 2796 Mellicij
720 2743 905 2797 Epochoe
946 2744 1169 2800 praecipuae
1204 2745 1405 2787 haetenus
1442 2745 1619 2785 latentes
1655 2745 1708 2785 ab
1743 2743 1896 2787 ORTI-

305 2802 460 2842 LONE
492 2801 637 2842 nostro
670 2802 864 2855 proditae.

189 2877 258 2919 De
293 2875 458 2918 Ordine
501 2875 693 2929 Equestri
733 2878 770 2917 S.
805 2877 978 2933 Georgii
1015 2877 1058 2920 in
1103 2877 1268 2921 Austria
1305 2877 1560 2933 Disquifitio
1583 2889 1595 2918 ε
1622 2877 1697 2919 ubi
1739 2876 1898 2933 pariter

301 2936 356 2976 de
392 2933 595 2988 Equitum
636 2934 672 2973 S.
719 2935 892 2991 Georgii
930 2937 1136 2979 Societate
1179 2936 1394 2990 Templois
1433 2937 1477 2977 in
1534 2938 1707 2979 Ecclefia
1751 2936 1898 2978 Aulica

305 2992 533 3032 Viennenfi
566 3022 578 3042 ,
623 3004 717 3046 quae
748 2993 910 3038 distum
935 2996 1145 3039 Ordinem
1184 2993 1423 3050 praecessit‚
1464 2995 1553 3037 fere
1598 2997 1651 3037 ab
1691 2995 1897 3037 omnibus

307 3051 506 3094 haetenus
537 3049 742 3105 ignorata.

1697 3151 1893 3195 Celeber-
