2122 3507
203 179 250 216 ιη.
868 157 1013 207 ἒθῧρ(
1037 170 1062 197 0
1083 158 1245 207 Κῡέἓῦἒ·

315 249 489 292 rubricae
507 243 714 298 inscriptae
741 273 754 295 ‚
785 256 941 297 magno
961 242 1101 296 pretio
1122 251 1363 297 comparata
1379 252 1514 297 :quae
1531 245 1669 287 adhuc
1689 245 1734 287 in
1757 247 1915 290 Biblio-

316 311 436 349 theca
456 308 686 356 supersunt.
763 302 887 343 Viam
922 301 1126 341 universae
1164 302 1296 344 carnis
1323 301 1530 356 ingressus
1542 303 1738 346 scribitur
1759 305 1827 347 die
1846 319 1915 356 27.

316 368 441 406 Mart.
471 366 597 402 Anno
625 360 1054 403 MCCCCLXXXV.

204 443 390 487 XXIX.
421 439 703 480 GEORGIUS
731 439 801 478 III.
829 435 1088 479 commissam
1105 435 1180 477 {ibi
1200 438 1250 478 ab
1273 436 1488 480 Innocentio
1505 439 1613 492 Papa
1631 439 1743 480 VIII.
1759 436 1913 479 habuit

308 497 634 553 lnquifitionem
662 526 674 547 ‚
704 510 751 538 ac
807 496 1076 537 Decifionem
1112 503 1232 536 certae
1265 526 1278 546 ‚
1341 510 1416 537 nec
1466 496 1569 537 levis
1613 498 1738 537 causae
1784 498 1913 536 Anno

314 556 614 600 MCCCCXC.
660 557 787 595 Anno
818 553 1018 608 Sequenti
1049 556 1071 594 a
1102 552 1297 607 Rudolpho
1319 554 1493 596 Comite
1525 556 1576 595 de
1611 554 1912 607 Werdenberg

314 618 508 657 fratrum
546 611 720 653 Ordinis
740 611 904 653 Militiae
933 610 1329 664 Hierosolymitanae
1354 613 1716 654 Commendatore
1732 642 1744 662 ,
1767 612 1806 653 &
1823 612 1912 651 Ne·

317 671 421 729 goti]
451 670 812 725 Indulgentiarum
831 700 842 721 ‚
872 683 953 724 pro
972 670 1210 711 defenfione
1225 669 1336 710 Fidei
1354 671 1394 712 ὅτ
1410 672 1554 721 Insulae
1574 670 1714 711 Rhodi
1739 672 1761 710 a
1784 669 1909 709 Sixto

314 734 388 773 IV.
401 733 508 783 Papa
527 727 808 771 concessarum
826 758 839 778 ‚
868 727 1028 782 speciali
1059 728 1134 768 sub
1152 729 1355 779 delegato
1374 729 1400 776 ,’
1420 728 1698 782 peculiaribus
1731 726 1911 768 indultis

314 797 607 832 remuneratus
640 786 721 828 fuit
736 817 748 837 ,
780 786 879 840 quia
899 786 1038 827 sanstae
1059 785 1117 826 illi
1145 783 1421 838 Expeditioni
1443 788 1482 826 se
1503 787 1734 839 gratiosum
1769 784 1910 825 reddi-

315 848 378 890 dit
395 879 407 897 ‚
436 859 480 888 ac
497 847 720 886 liberalem.
781 845 865 886 Hic
882 844 993 885 idem
1011 847 1158 884 Annus
1182 843 1502 884 MCCCCXCI.
1556 844 1667 884 Vitae
1685 843 1811 883 etiam
1828 844 1910 882 suae

313 906 551 960 postremus
571 912 659 944 erat
671 933 682 952 ,
712 910 762 943 ut
778 915 884 943 mox
905 902 948 942 in
965 899 1198 943 Successore
1236 901 1400 953 patebit
1416 932 1427 952 ,
1441 913 1700 956 quamquam
1715 899 1912 954 Catalogi

309 973 472 1005 veteres
488 961 575 1015 ejus
594 962 763 1002 obitum
782 960 1063 1015 quadriennio
1089 958 1338 1007 distulerint.
1573 968 1576 972 ·

200 1040 360 1086 XXX.
389 1036 760 1077 SIGISMUNDUS
788 1036 818 1075 Ι.
847 1037 932 1077 hoc
954 1034 1245 1078 testimonium
1270 1031 1422 1086 recipit
1448 1046 1502 1074 ex
1524 1035 1667 1088 Opere
1687 1031 1909 1085 Historiali

311 1094 544 1149 Tripartito
562 1096 599 1137 S.
630 1093 837 1134 Antonini
869 1092 1183 1146 Archiepiscopi
1213 1090 1444 1132 Florentini
1485 1091 1694 1132 Editionis
1735 1092 1907 1131 Cobur·

313 1154 489 1208 gei-ianae
508 1150 727 1205 pernitidae
747 1152 798 1191 de
820 1153 946 1190 Anno
975 1158 1096 1200 1483.
1116 1149 1254 1191 tribus
1272 1148 1579 1189 Voluminibus
1597 1149 1826 1203 grandibus
1836 1150 1908 1189 ad-

311 1216 397 1254 huc
420 1210 605 1251 exstante
622 1209 665 1248 in
688 1207 945 1248 Bibliotheca
967 1208 1106 1249 nostra
1126 1209 1175 1248 ad
1201 1209 1354 1248 calcem
1374 1207 1499 1247 Tomi
1518 1206 1643 1247 IILtii·
1699 1206 1833 1256 Emtus
1858 1204 1908 1258 es}

312 1269 367 1311 bic
396 1266 501 1308 Liber
519 1278 585 1318 per
613 1266 817 1305 Dominum
844 1263 1290 1309 SlGls'MllNDHM
1312 1262 1553 1305 Abbatem.in
1580 1263 1874 1318 Campoliliorum
1892 1293 1907 1313 ‚

312 1323 460 1375 Cenobij
484 1321 661 1373 Runenfis
681 1319 908 1371 Alumprmm
924 1318 1201 1371 profrffz'mque.
1258 1323 1378 1359 Anno
1398 1320 1551 1362 Domini
1580 1335 1700 1372 1491.
1772 1320 1909 1372 Cujus

138 1392 146 1403 “
222 1382 226 1384 ’
306 1381 497 1424 Rubricae
522 1379 604 1419 fide
626 1377 704 1419 tria
723 1377 875 1419 discere
890 1376 997 1418 licet.
1057 1376 1245 1417 Pristim]
1266 1406 1278 1426 ,
1310 1378 1426 1418 hunc
1444 1380 1660 1419 Praesulem
1677 1378 1908 1428 non-fuisse

308 1443 332 1482 ὲ
361 1437 523 1494 gremio
555 1437 701 1477 nostro
729 1464 741 1485 ,
784 1436 852 1476 sed
890 1436 1084 1476 Runenli.
1155 1434 1320 1476 Deinde
1342 1432 1505 1491 Georgia
1525 1437 1595 1476 111.
1624 1435 1907 1478 Succefforem

309 1498 392 1552 jam
413 1498 558 1537 datum
581 1491 657 1533 esse
682 1494 808 1532 Anno
838 1503 960 1542 1491.
1019 1492 1238 1533 Postremo
1267 1494 1475 1533 bonarum
1501 1493 1739 1534 Literarum
1762 1507 1909 1546 aman·-

305 1565 393 1597 tem
414 1583 427 1604 ‚
458 1549 698 1593 coemendis
720 1549 841 1590 bonis
860 1549 1164 1590 Voluminibus
1184 1561 1325 1603 parem
1343 1579 1355 1598 ,
1383 1558 1433 1590 ut
1451 1550 1736 1591 Anteceffores
1764 1580 1776 1600 ‚
1800 1565 1906 1605 ope-

307 1627 396 1655 ram
420 1607 581 1653 dedisse.
636 1609 853 1650 Eccleliam
881 1608 1006 1648 novis
1031 1608 1242 1648 Altaribus
1262 1609 1284 1647 a
1307 1609 1346 1646 se
1369 1616 1562 1649 ornatam
1596 1607 1737 1650 statim
1759 1621 1814 1651 ex
1841 1609 1905 1652 di-

310 1670 450 1715 cendis
469 1666 700 1723 apparebit.
757 1665 882 1707 Obiit
907 1668 1033 1707 Anno
1053 1666 1434 1711 MCCCCXCVII.

195 1735 386 1788 XXXI.
430 1740 665 1782 THOMAS
693 1724 961 1779 neo.ele&cus
982 1737 1329 1790 ¹Benedictionem
1363 1736 1526 1791 accepit
1557 1739 1580 1778 ὲ
1607 1738 1662 1778 D.
1701 1722 1907 1781 Bern‘ardo

308 1800 518 1853 Episcopo
562 1797 777 1837 Libanensi
821 1826 832 1845 ,
880 1797 1056 1839 testibus
1103 1795 1418 1849 Episcopalibus
1474 1794 1625 1835 Literis
1675 1797 1727 1836 de
1775 1799 1908 1837 Anno

223 1900 225 1905 ,
308 1856 692 1901 MCCCCXCVII.
748 1855 918 1904 Qibus
938 1854 1114 1895 ulteriuS
1141 1855 1350 1903 fatebatur
1370 1882 1381 1902 ,
1412 1854 1451 1893 se
1467 1850 1745 1893 reconciliasse
1771 1855 1925 1906 plera-1».

307 1930 393 1971 que
408 1916 516 1955 Loca
538 1911 739 1964 regularia
754 1941 766 1961 ‚
796 1922 924 1964 atque
949 1913 1113 1965 aliquot
1133 1909 1287 1952 Altaria
1306 1910 1478 1952 noviter
1496 1910 1702 1951 exstructa
1719 1941 1732 1960 ‚
1753 1913 1926 1953 decen:

307 1976 461 2028 te‘rque
482 1979 628 2012 ornata
648 1967 906 2010 consecrasse.
961 1971 1063 2010 Haec
1080 1969 1285 2009 Altarium
1303 1967 1533 2010 exstructio
1558 1969 1656 2009 cum
1675 1971 1696 2008 a
1718 1971 1906 2010 neo-ele-

305 2033 375 2073 &o
396 2039 482 2071 tam
500 2028 586 2070 cito
610 2027 701 2068 fieri
726 2028 836 2068 haud
865 2027 1059 2081 potuerit
1077 2057 1088 2076 ‚
1115 2026 1295 2066 omnino
1322 2027 1373 2067 ad
1411 2024 1723 2066 Proedecefforis
1760 2029 1908 2068 laudes

306 2089 487 2131 attinere
507 2086 679 2127 videtur
702 2098 712 2124 ι
745 2085 940 2138 quamvis
958 2084 1127 2126 diffiteri
1147 2084 1332 2125 nolimus
1350 2114 1363 2134 ,
1394 2078 1567 2124 Thomam
1590 2084 1702 2123 forte
1718 2087 1905 2126 necdum

309 2146 474 2200 integre
507 2142 697 2197 perfectis
724 2144 1013 2195 colophonem
1032 2172 1044 2191 ‚
1074 2141 1362 2196 ornatumque
1389 2136 1598 2182 addidisse.
1661 2142 1728 2181 De
1745 2142 1909 2182 caeteris

307 2204 393 2258 ejus
421 2202 530 2244 Affis
557 2200 834 2242 instrumenta
852 2199 1091 2254 paucissima
1112 2200 1348 2252 supersunt.
1402 2197 1608 2240 Scribitur
1627 2197 1672 2239 in
1688 2199 1908 2254 Catalogis

308 2260 451 2303 obiisse
474 2260 541 2301 die
568 2271 629 2299 12.
650 2259 764 2311 Sept.
787 2260 913 2298 Anno
935 2258 1298 2299 MCCCCXCIX.

199 2335 414 2379 XXXII.
452 2332 766 2373 GREGORIUS
791 2332 957 2372 nonnisi
981 2335 1003 2373 ὲ
1022 2333 1158 2374 tribus
1185 2334 1353 2376 Chattis
1369 2334 1594 2377 innotescit
1615 2364 1627 2385 ,
1657 2335 1904 2378 defunctas-

308 2405 392 2446 que
409 2390 603 2431 scribitur
622 2388 689 2429 die
709 2401 775 2429 20.
792 2390 970 2445 Augusti
986 2393 1114 2434 Anno
1135 2393 1279 2441 MDII.
1309 2393 1486 2435 tertium
1522 2393 1749 2449 Campililij
1777 2396 1904 2437 Secu-

310 2452 402 2491 lum
422 2449 503 2490 rite
522 2447 790 2489 concludens.

821 2535 1052 2611 Saeculum
1097 2559 1129 2610 I
1129 2558 1173 2612 V
1170 2558 1255 2608 gum.

200 2689 402 2740 XXXII
413 2688 443 2728 1·
479 2672 858 2793 OSWALDUS
874 2684 953 2740 jam
964 2685 1112 2728 Senior
1121 2683 1532 2739 GremijDomestici,
1543 2685 1650 2727 curis
1661 2693 1803 2727 tamen
1814 2688 1901 2729 Ab-

591 2744 809 2786 batialibus
826 2745 961 2787 invite
980 2754 1179 2786 oneratus
1198 2772 1209 2794 ‚
1230 2754 1381 2798 praeter
1398 2744 1473 2785 alia
1490 2744 1601 2798 gesta
1623 2745 1836 2799 Capellam
1852 2747 1900 2789 in

307 2803 543 2846 Weinzierl
560 2803 667 2843 seno
677 2802 813 2856 lapide
829 2803 1052 2857 formaque
1066 2801 1338 2857 splendidiori
1350 2803 1618 2844 instauratam
1631 2802 1810 2844 dedicari
1823 2817 1900 2845 cu-

309 2862 421 2905 ravit
434 2864 509 2902 An.
534 2861 578 2901 M
585 2860 684 2900 DX.
706 2862 928 2903 Praelulatu
942 2874 1075 2915 porro
1086 2863 1161 2902 suo
1171 2857 1251 2914 jam
1261 2861 1347 2901 fere
1362 2856 1404 2900 in
1417 2860 1670 2901 decennium
1681 2862 1870 2903 extracto
1882 2893 1898 2914 ,

307 2923 394 2962 five
415 2918 539 2961 Senio
563 2927 740 2971 urgente
757 2949 769 2968 ,
801 2921 883 2960 five
898 2918 1016 2974 quod
1037 2921 1247 2960 malorum
1276 2919 1524 2958 futurorum
1549 2921 1750 2972 praesagus
1770 2919 1897 2972 esset,

304 2988 355 3021 ut
384 2976 585 3032 regimine
603 2979 641 3017 se
672 2974 859 3018 abdicare
887 2976 963 3019 fibi
988 2977 1132 3019 liceret
1162 3008 1175 3028 ,
1204 2976 1452 3030 impetravit
1482 2978 1608 3017 Anno
1634 2977 1802 3019 MDXI.

199 3054 434 3099 XXXIV.
463 3052 869 3094 WOLFGANGUS
902 3050 1043 3104 Magni
1063 3058 1152 3092 erat
1167 3048 1293 3091 animi
1307 3060 1552 3101 magnaeque
1569 3046 1757 3089 Virtutis
1774 3048 1853 3088 Vir
1880 3076 1897 3098 ,

311 3125 439 3164 quem
460 3112 600 3152 DEUS
631 3109 792 3164 magnis
822 3108 1124 3151 calamitatibus
1147 3118 1372 3162 perannos
1392 3106 1489 3146 octo
1508 3106 1546 3148 ἃ
1569 3104 1725 3158 viginti
1751 3118 1895 3157 oppo-

308 3168 403 3212 iuit.
461 3172 525 3211 Ex
553 3182 641 3224 quo
670 3168 782 3211 enim
804 3167 914 3212 scissa
940 3167 999 3211 est
1015 3166 1061 3212 in
1090 3166 1316 3221 Germania
1336 3164 1483 3218 religio
1505 3194 1518 3216 ‚
1546 3163 1718 3206 felicitas
1735 3162 1895 3216 pariter

1763 3228 1895 3274 atque
