2122 3507
205 180 253 210 20
872 158 1014 207 ἒΰὲᾣέ(
1039 173 1064 198 0
1087 159 1232 208 >ew

308 250 468 303 nasterij
490 258 664 302 quoque
689 245 886 299 quietem
916 244 1110 285 turbavit
1127 242 1386 298 plurimhm:
1417 247 1467 286 de
1490 257 1581 299 quo
1603 246 1699 288 alias
1723 247 1792 288 hic
1809 250 1914 289 Pras·

322 314 382 353 sul
404 309 494 350 sane
514 318 602 345 non
635 305 740 344 male
763 303 911 344 mereri
934 304 1162 344 studuerat.
1223 302 1392 357 Dejecsta
1421 303 1586 357 quippe
1616 304 1752 345 veteri
1790 306 1914 347 Turri

321 371 445 420 super
469 365 639 404 tholum
663 363 842 403 Ecclefiae
858 391 870 411 ‚
902 359 1151 414 dudumque
1173 362 1339 402 ruinam
1363 361 1588 402 minitante
1607 391 1619 412 ,
1664 375 1820 403 novam
1841 364 1914 404 ali-

322 438 391 466 am
416 423 459 463 in
476 422 619 461 fronte
640 419 803 473 Templi
822 420 844 459 ὲ
863 418 1148 460 fundamentis
1167 419 1300 461 erexit
1316 450 1328 470 ,
1360 421 1509 460 Choro
1534 420 1655 460 fimul
1691 420 1835 462 aestivo
1850 423 1914 461 lo-

321 493 419 524 cum
441 480 722 520 commodum
741 477 908 518 faciens.
966 479 1013 517 In
1033 477 1157 517 Turri
1177 491 1309 519 novas
1326 477 1518 532 quinque
1534 490 1754 531 campanas
1774 479 1913 532 gravis

319 554 366 581 ac
395 538 498 578 belle
536 536 770 577 harmonici
797 535 892 577 toni
919 534 1157 588 suspendit:
1189 537 1404 577 Ecclesiam
1433 535 1686 589 paramentis
1718 536 1911 589 pretiofis

322 595 536 638 instruxit.
592 595 895 636 Bibliothecam
921 596 970 634 ab
992 593 1088 647 igne
1106 603 1242 634 tutam
1261 624 1272 644 ‚
1303 595 1564 648 pulchreque
1583 602 1775 635 ornatam
1791 607 1912 648 para-

319 655 414 695 vit:
443 666 539 707 quae
565 662 614 694 ut
639 653 691 693 eo
719 652 841 693 citius
873 652 1039 703 copiam
1076 651 1303 692 Librorum
1328 653 1528 702 referret,
1556 651 1764 706 integram
1795 665 1913 693 com-

320 712 487 767 paravit
518 711 821 752 Bibliothecam
853 709 1191 750 Hei-todtianam.
1248 711 1297 749 In
1336 710 1514 762 Alpibus
1544 710 1697 751 nostris
1735 710 1911 764 propria,

320 768 478 824 ingenij
500 770 715 823 sagacitate
741 772 889 822 pascua
905 781 985 821 pro
1020 767 1246 821 pecoribus
1278 765 1522 807 fertiliffima
1549 767 1737 820 reperit,
1754 781 1911 821 magno

320 829 555 869 etiamnum
585 827 859 868 Oeconomiae
891 826 1040 867 nostroe
1081 823 1390 865 emolumento.
1458 827 1506 864 In
1551 827 1667 866 causa
1711 825 1912 879 quapiam

319 884 562 938 Monasterij
586 916 598 936 ‚
631 885 763 926 trIum
794 886 1030 925 seculorum
1050 883 1196 924 litibus
1222 885 1375 923 famosa
1399 913 1410 932 ‚
1443 883 1482 924 δε
1507 882 1703 936 ambigue
1728 882 1878 936 agitata
1896 913 1908 933 ,

317 944 496 985 feliciter
518 942 813 995 triumphavit.
869 943 1063 982 Transtum
1087 941 1205 981 illum
1226 972 1237 990 ,
1266 954 1392 994 quem
1410 941 1538 982 hodie
1556 953 1723 982 novum
1740 941 1909 982 aedifici-

319 1015 396 1043 um
416 1002 615 1051 dicimus,
638 1000 895 1054 excipiendis
914 998 1216 1053 Augustiffimis
1231 999 1424 1039 Caesareis
1457 997 1738 1051 Maiestatibus
1759 1027 1773 1048 ‚
1803 999 1911 1040 aliis-

319 1073 405 1114 que
425 1059 657 1101 Illustribus
677 1059 929 1112 Hospitibus
946 1089 958 1108 ‚
988 1060 1010 1098 ὲ
1041 1057 1325 1097 fundamentis
1344 1058 1392 1096 ad
1415 1070 1549 1110 usque
1573 1057 1730 1097 tedium
1753 1059 1909 1109 perdu-

317 1118 398 1160 xit.
454 1117 622 1168 Qibus
641 1117 835 1157 laudibus
854 1116 934 1156 suis
951 1128 1087 1168 neque
1108 1115 1246 1167 parvis
1267 1140 1278 1164 -‚
1308 1128 1446 1167 neque
1464 1114 1605 1167 paucis
1626 1143 1638 1164 ‚
1670 1115 1824 1156 merito
1845 1130 1910 1156 ac-

318 1176 431 1217 cedit
449 1175 764 1229 postremorum
786 1177 1010 1213 Annorum
1029 1176 1203 1212 suorum
1229 1172 1479 1225 exemplaris
1496 1171 1539 1212 in
1562 1173 1722 1213 morbis
1747 1173 1911 1227 patien-

319 1234 376 1274 tia
391 1259 403 1283 ,
433 1247 478 1273 ac
502 1232 596 1272 finis
625 1232 795 1272 tandem
813 1230 988 1270 vivendi
1008 1239 1126 1270 totus
1158 1232 1208 1271 ad
1225 1230 1444 1271 Virtutem
1460 1232 1720 1285 compofitus
1739 1243 1748 1270 z
1778 1244 1910 1286 quem

315 1290 415 1332 fecit
431 1292 496 1330 die
513 1298 555 1342 4.
577 1288 708 1341 April.
728 1290 854 1326 Anno
876 1287 1163 1326 MDCCXVI.

203 1366 247 1411 L.
274 1365 557 1410 Reverendiss.
586 1365 640 1405 D.
675 1364 730 1404 D.
758 1362 1206 1403 CHRYSOSTOMUS
1243 1358 1357 1414 Wzser
1379 1391 1390 1411 ‚
1421 1372 1475 1404 ex
1503 1364 1649 1405 Priore
1671 1364 1806 1405 Abbas
1827 1363 1911 1402 ele-³

314 1426 405 1467 &us
424 1424 491 1465 die
509 1427 575 1463 26.
593 1419 704 1476 Junij
724 1423 850 1461 Anno
871 1419 1159 1460 MDCCXVI.
1179 1419 1461 1461 &etiamnum
1475 1422 1518 1461 in
1537 1423 1708 1462 Annum
1727 1420 1809 1474 jam
1819 1421 1910 1460 sex-

316 1493 413 1525 tum
437 1482 476 1523 &
505 1478 752 1521 vicesimum
774 1476 999 1531 Campililij
1024 1477 1085 1518 sui
1103 1476 1420 1518 Amantiffimus
1439 1478 1584 1520 Pater:
1614 1477 1681 1519 cui
1700 1478 1911 1519 adoranda

316 1540 415 1583 DEI
429 1536 702 1580 Providentia
730 1536 962 1577 Fortunam
985 1537 1186 1576 reducem
1206 1533 1521 1576 clementissime
1542 1535 1759 1589 disposuit.
1820 1532 1911 1588 Qi

318 1600 415 1640 cum
436 1597 521 1649 iple
541 1596 614 1636 fibi
633 1598 754 1636 suum
773 1593 970 1648 Elogium
990 1594 1039 1634 fit
1057 1593 1101 1634 in
1126 1592 1322 1633 omnium
1358 1591 1550 1635 nostrum
1568 1593 1699 1634 oculis
1721 1623 1732 1643 ,
1762 1593 1909 1635 &uni-

318 1657 447 1698 versae
467 1653 609 1695 Patriae
642 1651 809 1694 theatro
828 1682 840 1702 ‚
871 1651 1013 1692 verbis
1034 1651 1187 1693 nostris
1209 1661 1299 1692 non
1320 1660 1425 1705 eget.
1485 1652 1678 1705 Epochas
1700 1654 1909 1693 duntaxat

319 1717 410 1757 suas
430 1711 722 1754 memorabiles
742 1709 945 1751 addimus.
1005 1710 1119 1750 Cum
1145 1710 1228 1750 fine
1261 1709 1372 1750 Anni
1401 1706 1774 1751 MDCCXXVIII.
1790 1710 1816 1749 ὲ
1833 1708 1907 1748 Gi·-

321 1771 471 1815 stercio
487 1770 692 1811 Vifitator
708 1769 746 1811 &
775 1767 967 1810 Vicarius
986 1766 1202 1807 Generalis
1220 1780 1296 1820 per
1308 1768 1540 1821 Utramque
1562 1766 1766 1808 Austriam
1785 1797 1797 1816 ‚
1828 1765 1910 1807 Sti-

321 1831 449 1880 riam,
469 1827 746 1881 Regnumque
765 1826 992 1880 Hungariae
1010 1824 1279 1866 renunciatus
1300 1824 1373 1866 est.
1429 1828 1507 1864 An».
1527 1824 1910 1865 MDCCXXXIX.

322 1889 389 1930 die
418 1899 479 1936 13.
501 1887 737 1926 Novembr.
756 1884 962 1937 Jubileam
980 1881 1285 1923 Professionem
1314 1882 1420 1935 egit:
1440 1882 1508 1923 cui
1531 1883 1570 1924 &
1595 1884 1678 1923 hoc
1701 1884 1828 1922 Anno
1850 1882 1913 1922 fe-

320 1945 457 1988 liciter
480 1952 673 1984 currente
688 1941 837 1996 Jubilei
853 1938 1078 1993 Sacerdotij
1099 1940 1159 1980 sui
1185 1940 1383 1980 solemnia
1406 1970 1417 1989 ‚
1448 1943 1621 1980 Annum
1641 1939 1786 1981 AEtatis
1805 1939 1913 1980 oeta.

321 2016 430 2044 vum
449 2004 571 2055 supra
593 2000 954 2052 Septuagefimum
970 1998 1109 2051 agenti
1130 2027 1142 2046 ‚
1173 1996 1343 2050 totique
1367 1998 1523 2038 Valenti
1542 2012 1587 2038 ac
1605 2006 1760 2050 vegeto
1782 2021 1794 2046 ,
1815 1998 1911 2037 Cle-

316 2058 597 2103 mentissimus
625 2059 766 2098 DEUS
795 2056 862 2097 die
881 2066 946 2105 23.
965 2053 1061 2110 Julij
1083 2053 1287 2106 adjunxit.
1343 2054 1462 2095 Faxit
1488 2054 1600 2096 idem
1633 2056 1775 2095 DEUS
1794 2054 1912 2110 Jubi-

314 2118 406 2162 lum
429 2115 515 2171 eius
535 2117 599 2157 uti
618 2114 779 2157 trinum
800 2144 811 2162 ‚
841 2114 898 2154 ita
918 2115 957 2154 δῖ
976 2113 1208 2166 ρεπῖεᾶωῃ
1226 2143 1238 2161 ,
1269 2127 1315 2153 ac
1334 2113 1492 2153 tribuat
1513 2143 1524 2162 ‚
1559 2121 1607 2153 ut
1627 2111 1834 2166 piiffimo,
1851 2115 1910 2153 sa-

314 2174 574 2232 pientissimo
602 2205 613 2224 ‚
643 2169 964 2225 feliciffimoque
992 2169 1210 2224 Regimine
1236 2171 1311 2210 suo
1330 2199 1342 2218 ‚
1369 2173 1490 2211 velut
1509 2171 1707 2211 heustenus
1744 2201 1755 2221 ‚
1786 2169 1844 2210 ita
1869 2170 1911 2212 &

316 2235 517 2287 deinceps
543 2263 554 2283 ,
585 2233 866 2286 quoadusque
897 2232 1070 2269 Annum
1117 2226 1525 2283 Qinquagefimum
1563 2228 1764 2283 impleat,
1785 2228 1914 2269 Cam-

314 2292 498 2347 pililium
520 2291 715 2334 nostrum
753 2283 1049 2342 jucundiffime
1070 2287 1177 2327 beet.

691 2422 779 2544 T
833 2415 911 2508 o
963 2412 1054 2508 M
1105 2424 1140 2507 1
1215 2411 1402 2508 1111‘11·

676 2552 1058 2634 Conspeuus
1130 2551 1458 2634 peculiaris

213 2701 217 2704 ’
253 2697 268 2700 ”
319 2697 452 2742 ΟΜΟ
479 2695 605 2740 ῙΙῘ.ῑῑο·
633 2711 707 2752 per
728 2698 825 2739 DEI
843 2698 1017 2752 gratiam
1035 2696 1115 2751 jam
1131 2696 1325 2738 confesso
1347 2725 1359 2746 ,
1387 2693 1544 2736 caeteris
1562 2700 1702 2734 autern
1728 2690 1914 2745 praemisa

249 2704 271 2822 Ι
341 2760 386 2799 so
410 2788 422 2807 ‚
454 2757 553 2811 quia
574 2758 900 2797 tundamentum
925 2766 1076 2797 eorum
1099 2757 1234 2796 fuerat
1254 2784 1266 2805 ‚
1297 2754 1468 2806 insuper
1487 2751 1595 2793 vero
1634 2752 1800 2792 tantum
1824 2762 1915 2790 non

346 2817 396 2857 ad
419 2818 583 2869 prelum
603 2823 750 2869 parato
771 2846 782 2865 ‚
806 2816 932 2868 longe
959 2814 1128 2855 interim
1157 2810 1448 2867 operofi'ffirno
1473 2841 1486 2861 ‚
1515 2809 1698 2850 universi
1726 2802 1914 2860 Archivij

198 2873 332 2916 nostri
353 2876 498 2914 damus
526 2870 725 2921 Recensum
753 2872 1003 2925 Diplomatico
1018 2898 1036 2906 -
1059 2870 1353 2927 Genealogicum.
1408 2869 1511 2909 Non
1529 2866 1656 2908 libuit
1675 2866 1912 2906 nobisetot

201 2932 420 2973 Methodis
441 2930 657 2972 hodiernis
679 2929 876 2971 Archivia
903 2944 1001 2971 cum
1029 2930 1149 2970 Orbe
1172 2928 1350 2969 Erudito
1385 2924 1727 2968 communicandi
1757 2925 1914 2964 modus

200 2990 267 3030 ille
287 3020 299 3038 ‚
331 3003 420 3044 quo
440 2987 690 3043 Diplomata
711 3001 786 3041 per
806 2990 1026 3029 extensum
1050 2989 1245 3028 eduntur.
1302 2983 1425 3026 Ratio
1451 2982 1646 3037 princeps
1665 2991 1775 3030 erat,
1792 2980 1913 3035 quod

201 3048 456 3089 Chartarum
485 3046 724 3088 nostrarum
765 3054 859 3086 aetas
878 3075 890 3092 ,
925 3044 1174 3099 paucissimis
1193 3043 1344 3085 demtis
1364 3072 1375 3092 ,
1406 3041 1525 3082 initia
1549 3041 1675 3095 iplius
1702 3038 1912 3081 Monaste-

199 3102 249 3156 rij
277 3105 406 3145 nostri
431 3134 443 3153 ‚
484 3107 568 3146 sive
603 3105 796 3144 Seculum
826 3103 1028 3159 XHUfflm·
1064 3117 1153 3144 non
1180 3106 1422 3156 superaret:
1451 3098 1568 3153 cujus
1608 3098 1780 3140 interim
1818 3092 1913 3135 AEvi

203 3164 457 3204 documenta
478 3193 490 3214 ‚
523 3165 608 3205 five
631 3160 778 3204 Literae
798 3162 969 3206 infinito
988 3159 1069 3217 jam
1100 3173 1280 3204 numero
1305 3163 1355 3202 ab
1376 3158 1464 3202 aliis
1482 3159 1685 3212 evulgatae
1703 3154 1913 3251 sunt0dUbt

1800 3224 1822 3251 a
1854 3222 1875 3249 e
