2122 3507
220 139 272 177 24
890 116 1035 168 aaa<
1058 134 1083 159 0
1109 120 1254 170 Κᾷἓῦἓ

342 207 440 253 DD
449 212 535 307 ide
533 205 738 248 Ramstein
764 206 804 246 &
838 203 1369 258 Weissenberg.3.1tem
1395 207 1494 247 DD
1527 207 1578 248 de
1617 210 1851 265 Altenburg
1883 210 1923 254 &

339 271 447 309 Wilr
465 276 548 306 eelz.

229 345 424 387 SECFIO
454 341 573 382 XXI.
621 338 798 378 Familiae
827 336 871 377 in
907 337 951 378 Z.
982 338 1136 392 viginti
1175 341 1214 382 &
1247 353 1340 382 una.
1377 339 1412 394 ξ.
1451 339 1707 382 Intercalarzs.
1741 302 1837 383 DD.
1872 343 1925 382 de

344 398 599 441 Zinzendorf
618 395 880 451 genealogice
897 396 1121 438 emendati.

315 525 513 565 Ecensum
539 523 674 576 ipsum
694 521 995 574 Diplomatum
1006 523 1124 577 quod
1142 522 1295 564 attinet
1313 552 1324 572 ‚
1355 524 1530 565 Chartas
1553 524 1727 577 lingulas
1745 536 1820 576 per
1839 524 1930 564 bre-

342 579 502 623 viffima
514 580 790 621 Summariola
802 580 987 620 deleribo
1006 610 1016 627 ,
1046 590 1256 634 quantum
1272 594 1381 634 opus
1405 582 1474 623 est.
1533 581 1734 633 Qorum
1757 581 1930 622 initium

235 639 425 693 undique
444 640 493 680 fit
510 638 732 679 aNomine
751 668 761 688 ‚
797 638 1094 689 Cognomine‚
1127 639 1164 679 ὅτ
1188 639 1427 691 Agnomine
1452 670 1463 687 ‚
1491 651 1618 692 atque
1638 639 1791 693 Elogiis
1813 637 1900 691 eius
1921 670 1934 689 ‚

234 700 302 738 vel
332 709 482 737 eorum
502 726 514 746 ‚
544 709 732 750 quorum
760 695 817 737 est
841 697 996 736 Charta
1015 726 1026 745 ,
1057 697 1123 736 vel
1143 709 1330 749 quorum
1352 710 1397 737 ea
1427 697 1649 738 meminit:
1679 711 1771 750 quae
1791 695 1934 750 Origi-

233 756 335 798 nalis
356 754 613 808 Diplomatis
633 755 766 808 phrafi
788 754 947 808 ubique
964 754 1279 806 exprimuntur.
1337 755 1384 794 ln
1405 754 1547 795 medio
1575 756 1846 804 describitur,
1862 756 1932 795 vel

233 813 429 854 innuitur
457 812 677 866 negotium
695 842 707 861 ,
739 813 855 865 quod
891 811 1050 865 gestum
1080 812 1138 854 est
1157 841 1169 861 ,
1200 820 1273 852 aut
1299 812 1367 865 cui
1384 811 1479 866 quis
1504 814 1643 854 saltem
1664 822 1714 852 ut
1736 811 1850 852 testis
1869 811 1935 852 in-

235 880 475 912 tervenerat
495 901 508 920 ,
538 872 588 911 ad
611 870 839 910 minimum
874 867 1054 911 verbulo
1076 881 1086 908 ;
1115 871 1228 910 unde
1264 878 1403 922 pateat
1427 869 1580 923 species
1607 870 1861 910 Contractus
1892 869 1933 911 ὅτ

233 928 520 970 Instrumenti.
593 929 722 984 Qod
766 928 790 967 li
821 940 900 981 pro
928 928 1117 969 Testibus
1148 927 1259 968 inter
1285 936 1455 968 caeteros
1487 929 1711 969 laudentur
1739 929 1900 968 Fratres
1921 956 1935 977 ‚

233 985 467 1040 Propingui
489 1015 500 1034 ‚
520 986 703 1039 Cognati
728 1015 739 1035 ,
759 985 906 1038 Agnati
927 1015 938 1034 ‚
972 985 1121 1026 diserte
1147 986 1314 1026 eosdem
1334 1014 1346 1035 ,
1364 984 1520 1025 omiffis
1542 985 1713 1040 reliquis
1729 1015 1740 1034 ‚
1772 984 1846 1039 qui
1864 984 1937 1025 ali-

234 1044 279 1086 bi
299 1045 378 1085 suis
401 1045 444 1083 in
464 1043 591 1085 literis
621 1043 843 1094 Alphabeti
871 1053 1094 1084 occurrent
1109 1073 1121 1091 ‚
1151 1043 1372 1097 diligenter
1392 1042 1589 1095 exprimo
1611 1072 1624 1090 ,
1655 1052 1702 1083 ut
1735 1043 1898 1084 constet
1919 1071 1932 1092 ‚

236 1102 492 1157 quibuscum
526 1101 611 1141 aliis
642 1100 847 1149 Familiis,
881 1101 1008 1152 magis
1047 1100 1242 1141 minusve
1280 1101 1543 1151 celebribus,
1575 1101 1689 1141 Gens
1726 1100 1938 1154 quaepiam

237 1159 457 1213 Sanguinis
490 1159 663 1199 vinculo
700 1157 944 1198 cohaelerit.
935 1170 944 1178 ·
974 1160 1093 1210 quod
1131 1160 1180 1199 ad
1211 1157 1460 1211 ampliorem
1497 1158 1763 1199 Familiarum
1790 1157 1938 1211 cogni-

241 1218 405 1259 tionem
438 1230 525 1255 non
567 1214 790 1255 minimum
825 1215 1038 1256 conducit
1107 1215 1325 1256 Postremo
1357 1215 1613 1269 Iublignatio
1642 1216 1808 1256 Chartae
1839 1218 1936 1257 cha-

238 1276 344 1316 mete
349 1287 391 1314 re
410 1273 601 1313 distincto
627 1269 898 1322 adjungitur,
927 1271 1068 1310 verbis
1091 1273 1275 1323 propriis
1298 1273 1581 1338 Diplomatis,
1612 1275 1637 1314 si
1662 1273 1727 1313 illa
1758 1273 1942 1326 peculia-

238 1332 297 1373 ria
326 1330 508 1370 fuerint.
538 1327 727 1380 alioquin
760 1325 976 1366 brevitatis
1008 1326 1152 1375 caula,
1185 1327 1319 1382 utque
1344 1330 1540 1371 circuitio
1566 1331 1737 1383 longior
1762 1332 1846 1371 fere
1869 1345 1940 1371 or-

240 1387 397 1430 dinaria
429 1386 467 1427 &
497 1385 656 1426 inutilis
687 1384 879 1434 vitetur,
911 1383 1004 1425 stilo
1040 1385 1264 1426 hodieino.
1322 1385 1574 1428 Vernaculas
1602 1389 1806 1436 chartas,
1838 1397 1939 1430 utut

236 1443 513 1486 Summariola
556 1441 698 1482 omnia
728 1441 854 1482 latine
886 1442 1225 1493 construxerim,
1258 1443 1373 1484 facile
1414 1453 1554 1484 tamen
1585 1446 1624 1485 se
1664 1447 1848 1497 prodent
1884 1457 1941 1487 ex·

237 1502 366 1546 initio
394 1502 477 1541 i1ve
516 1499 790 1548 nominibus,
829 1512 872 1543 v
908 1499 1081 1554 c.]0r1g
1116 1503 1183 1540 vel
1214 1500 1357 1541 Chumz
1388 1499 1468 1544 &c
1501 1502 1940 1557 itemesubfignatio-

238 1575 323 1609 ne,
352 1558 445 1600 uti:
474 1558 533 1598 Ze
568 1558 775 1605 llemen,
806 1556 865 1596 Ze
900 1556 1110 1598 Lternveld
1138 1556 1217 1602 &a
1278 1558 1442 1598 Damus
1475 1561 1633 1601 horum
1675 1562 1939 1608 Summario-,

237 1621 379 1661 lorum
406 1629 540 1658 unum
559 1616 598 1659 <Sc
628 1616 805 1656 alterum
830 1617 1073 1669 exemplum
1094 1616 1116 1658 ὲ
1147 1617 1267 1659 Parte
1294 1616 1345 1662 ΙΙ.
1366 1618 1417 1659 de
1448 1616 1630 1660 familiis
1672 1618 1771 1662 ilico
1795 1629 1849 1661 ex
1872 1618 1937 1661 Li.

238 1683 328 1719 tera
348 1677 395 1720 A.

294 1809 523 1853 umens
552 1805 594 1850 de
617 1805 848 1863 Abensperch
877 1806 1005 1851 Testis
1024 1807 1067 1849 in
1091 1807 1318 1863 privilegio
1337 1805 1572 1850 HENRICI
1590 1805 1775 1848 Comitis
1792 1770 1941 1849 Palatii

354 1868 397 1909 ni
418 1866 580 1915 Rheni,
613 1867 649 1907 &
679 1868 808 1908 Ducis
836 1868 1022 1909 Bavariae.
1079 1866 1201 1923 Apud
1227 1865 1476 1909 Lantzhutam
1503 1863 1559 1907 die
1586 1864 1624 1906 S.
1649 1864 1802 1921 Georgii
1822 1869 1944 1907 Anno

355 1923 726 1966 MCCLXXXVI.

302 2003 454 2044 MERT
478 2000 698 2051 (Martin)
732 1999 962 2053 Aizhsteter,
994 2015 1091 2043 cum
1122 2001 1221 2042 Filia
1246 2002 1573 2043 CATHARINA
1599 2000 1808 2055 innupta,
1836 2014 1942 2044 ven«

358 2064 467 2103 dunt
490 2059 612 2100 nobis
635 2058 849 2100 dimidiam
869 2059 1041 2100 Curiam
1060 2060 1369 2102 Scheibesecke.
1424 2063 1493 2101 An
1515 2057 1624 2113 unser
1642 2059 1785 2101 Framn
1804 2057 1880 2118 ‘Iag
1899 2071 1943 2102 ze

356 2117 422 2161 der
443 2115 666 2160 Liethmezze
690 2120 806 2158 Anno
827 2116 1183 2162 MCCCXXXH.

347 2238 530 2281 [Ioniam
559 2237 664 2279 vero
684 2237 771 2280 haec
789 2235 1033 2279 Summariola
1050 2268 1062 2289 ‚
1094 2251 1170 2292 per
1196 2251 1325 2280 omne
1352 2238 1570 2280 Volumen
1599 2239 1831 2280 charactere
1858 2249 1946 2279 rna-¹

380 2295 457 2350 jori
477 2296 775 2349 exprimenda,
797 2298 835 2336 se
847 2298 1052 2337 duntaxat
1082 2298 1131 2337 ad
1161 2296 1287 2340 instar
1306 2297 1499 2352 corporis
1518 2298 1703 2338 habent:
1733 2296 1917 2352 superest
1933 2325 1949 2348 ,

248 2362 300 2396 ut
333 2353 412 2407 jam
441 2355 491 2395 de
520 2354 670 2394 Anima
699 2366 874 2407 quoque
908 2367 1057 2395 eorum
1088 2384 1101 2404 ‚
1144 2355 1227 2395 five
1273 2352 1584 2401 Illustratz‘onibus
1620 2354 1773 2397 additis
1798 2383 1810 2404 ‚
1851 2367 1948 2396 ver-

253 2416 359 2454 bum
386 2413 558 2467 aliquod
585 2411 743 2453 faciam.
799 2412 875 2452 Hae
895 2421 1034 2452 autem
1055 2414 1122 2452 vel
1146 2425 1199 2454 ex
1229 2427 1279 2453 eo
1309 2411 1388 2466 jam
1418 2413 1555 2466 capite
1571 2412 1838 2467 perdifficiles
1866 2411 1949 2453 mi--=

250 2472 299 2524 ,hi
334 2479 475 2516 erant,
505 2469 623 2522 quod
654 2468 757 2510 adeo
787 2469 926 2510 varius
957 2471 1180 2511 Lectorum
1212 2472 1260 2511 fit
1289 2471 1448 2524 genius.
1474 2517 1476 2519 ,
1507 2471 1635 2511 Βοᾶἰ
1662 2472 1844 2524 namque
1862 2500 1875 2520 ,
1904 2469 1946 2511 &

252 2529 298 2569 in
330 2527 447 2568 omni
480 2527 791 2580 disciplinarum
819 2529 869 2568 ad
898 2530 981 2569 hoc
1018 2538 1316 2583 argumentum
1347 2527 1621 2568 attinentium
1657 2542 1808 2583 genere
1847 2540 1949 2581 pro-

254 2588 308 2627 be
338 2585 487 2626 subaffl
506 2614 517 2633 ‚
547 2585 710 2625 onerari
738 2587 892 2627 nolunt
919 2587 1223 2628 Voluminibus
1250 2586 1505 2640 grandibus:
1534 2586 1599 2627 sed
1623 2599 1754 2639 pauca
1771 2615 1783 2634 ‚
1814 2594 1855 2626 at
1873 2598 1948 2626 ve-

254 2644 306 2686 ro
338 2652 511 2696 excepta
530 2674 542 2693 ,
572 2643 787 2697 fingularia
806 2674 818 2694 ‚
847 2645 1072 2686 reconditae
1100 2644 1305 2698 indaginis
1326 2675 1338 2696 ‚
1370 2645 1409 2685 ὅ(
1438 2643 1612 2699 quidem
1643 2653 1729 2684 tarn
1760 2642 1948 2684 breviter

255 2704 384 2756 quam
413 2701 539 2742 solide
570 2701 767 2743 illustrata
796 2716 920 2756 aequo
949 2705 1076 2743 oculo
1105 2703 1300 2757 cupiunt.
1352 2701 1552 2756 Vulgaria
1565 2715 1697 2754 porro
1718 2731 1730 2750 ‚
1764 2701 1803 2743 &
1833 2701 1950 2757 apud

252 2758 457 2808 Territa,
495 2761 562 2799 vel
593 2761 642 2800 ab
671 2760 757 2800 aliis
788 2761 950 2802 dudum
980 2762 1159 2810 raeda,
1189 2761 1345 2803 iterum
1380 2759 1553 2814 recoqui
1595 2758 1805 2801 fastidioso
1824 2759 1950 2813 plane

257 2818 476 2860 stomacho
500 2818 653 2858 ferunt.
706 2818 884 2860 Tirones
919 2821 941 2859 ὲ
970 2822 1206 2870 converso,
1236 2822 1332 2862 cum
1364 2818 1508 2859 omnia
1538 2819 1676 2872 prope
1708 2817 1908 2871 ignorent
1935 2846 1951 2866 ,

253 2889 395 2930 neque
424 2874 621 2916 notitiam
654 2877 832 2917 habeant
860 2878 926 2918 vel
957 2878 1122 2931 copiam
1154 2850 1381 2919 Librorum
1399 2907 1412 2927 ‚
1443 2889 1552 2931 quos
1571 2877 1818 2926 consulant,
1848 2877 1951 2915 lama

257 2937 408 2986 padem
440 2933 511 2973 fibi
541 2935 590 2974 acl
627 2936 781 2986 fingula
821 2935 1011 2989 suspendi
1048 2936 1237 2990 impense
1273 2934 1514 2987 efflagitant.
1593 2935 1670 2974 Sed
1701 2933 1836 2987 Operi
1868 2944 1949 2972 no

256 2992 342 3033 stro
373 2993 641 3047 prop'ofltum
675 3002 798 3040 erat,
831 2993 1013 3035 Eruditis
1044 2994 1307 3042 Veritatem
1339 2992 1569 3034 Tironibus
1603 2994 1848 3045 exemplum
1871 2988 1951 3030 rni-

258 3050 442 3090 nistrare
516 3049 724 3090 Curabarn
756 3048 921 3102 igitur,
949 3050 1187 3118 primorum
1221 3053 1265 3093 in
1295 3051 1468 3106 gratiam
1498 3061 1581 3092 tam
1615 3050 1751 3091 brevis
1780 3051 1954 3099 tamque

262 3107 475 3161 fingularis
508 3106 585 3150 elie
607 3137 621 3160 ‚
661 3109 789 3162 quarn
818 3119 1041 3164 poteram:
1067 3111 1115 3155 in
1150 3112 1490 3152 emolumentum
1520 3108 1624 3151 vero
1655 3108 1796 3150 minus
1825 3108 1946 3144 exer

1799 3161 1950 3204 citato-
