2122 3507
797 163 939 213 ἓᾶῧῑέῐ(
959 176 985 204 0
1006 165 1150 215 >24³3ss
1794 188 1836 224 13

245 246 316 293 rit.
375 246 568 290 Privatus
586 247 724 289 adhuc
744 276 757 298 ,
786 256 838 289 ut
864 250 1072 291 bonarum
1094 250 1352 293 Litterarum
1378 251 1498 294 initia
1525 253 1671 296 multis
1692 266 1840 308 prom-

246 307 358 348 tiora
383 308 577 348 redderet
597 334 609 354 ,
639 303 932 347 Vocabutartum
947 309 1202 363 conscripsit.
1259 309 1373 365 Juffu
1393 311 1544 354 deinde
1562 312 1840 355 Antecessbris

245 379 336 405 non
358 378 446 405 uno
462 363 717 412 Volumine,
744 365 810 404 sua
826 377 952 406 manu
969 366 1199 420 descripto,
1223 366 1266 408 in
1291 371 1613 421 Alphabeticum
1630 372 1839 412 Ordinem

244 423 386 477 coegit
409 423 625 468 [inretitus
642 421 839 463 omnium
858 424 1184 477 Privilegiorum
1201 440 1249 467 ac
1276 427 1442 480 Jurium
1461 430 1706 471 nostrorum
1722 459 1734 479 ‚
1755 431 1839 470 Im-

245 480 594 535 munitatumque
615 494 660 521 ac
687 479 950 522 Libertatum
978 480 1234 537 Monasterij.
1307 487 1445 526 Abbas
1480 489 1610 528 factus
1629 517 1640 536 ‚
1673 488 1837 529 vastum

243 542 564 581 membraneum
597 538 801 580 Codicem
819 539 1023 581 conscribi
1042 541 1227 589 curavit,
1259 543 1335 595 qui
1357 544 1500 585 omnia
1525 546 1770 599 Diplomata
1792 560 1838 587 ac

243 596 465 650 Privilegia
499 596 638 638 nostra
665 610 742 650 per
773 600 994 638 extensum
1030 598 1282 640 contineret.
1340 602 1446 642 Bella
1464 603 1633 644 interim
1661 604 1837 646 Austriae

243 656 409 697 rursum
437 654 631 696 intestina
667 655 779 696 inter
799 654 1027 697 Frtdericum
1044 658 1117 696 IV.
1141 656 1344 698 Caesarem
1363 688 1375 708 ,
1406 660 1445 700 &
1467 659 1665 702 Albertum
1681 663 1834 702 VLWOE·

241 714 430 754 Fratrem
469 712 750 754 Archiducem
772 741 784 764 ‚
813 723 941 767 atque
966 715 1105 755 Status
1124 717 1315 768 [Ingaros
1335 746 1347 765 ,
1378 717 1590 759 Bohemos
1609 749 1622 767 ,
1653 722 1836 762 Austria-

242 768 494 824 cdsque‚ob
515 769 727 812 Ladzslaum
740 769 937 824 juvenem
948 773 1104 825 Regem
1123 801 1135 821 ,
1152 771 1284 813 tutela
1303 774 1470 814 Caesaris
1487 777 1709 818 detentum
1726 807 1738 827 ,
1770 779 1834 820 in-

242 828 413 883 quietos
434 859 447 880 ‚
475 842 540 870 res
573 828 799 882 Campililij
819 831 961 869 denuo
992 839 1077 869 tam
1113 831 1239 870 ar&as
1257 829 1416 881 fecere,
1448 841 1497 873 ut
1519 846 1740 888 cogeretur
1761 838 1835 878 Pe-

240 891 328 928 trus
347 917 360 937 ,
392 900 619 929 numerum
647 888 963 927 Monachorum
996 899 1050 927 ex
1069 887 1355 941 Ociogenario
1376 892 1424 930 ad
1461 891 1746 934 Tricenarium
1771 909 1834 935 re-

240 947 392 986 ducere
419 958 429 984 :
467 956 727 998 quamquam
759 944 876 984 illum
899 973 911 994 ‚
942 953 992 984 ut
1018 945 1208 998 primum
1226 946 1377 998 licuit,
1407 947 1540 989 indies
1563 953 1726 992 rursum
1762 954 1833 994 ad-

238 1001 418 1043 auxerit.
478 1003 526 1042 In
548 1001 664 1042 sartis
691 1001 809 1043 tecstis
838 1001 1072 1054 plurimum
1095 1004 1288 1056 praestitit
1313 1034 1326 1055 ,
1357 1007 1532 1059 collapsa
1571 1009 1798 1051 restaurans
1820 1042 1851 1061 ‚a

235 1072 352 1100 nova
371 1060 504 1100 multa
522 1060 709 1100 excitans
739 1062 762 1101 a
785 1060 1073 1101 fundamentis
1095 1069 1107 1103 t
1140 1063 1161 1102 ὲ
1186 1063 1343 1116 quibus
1361 1064 1574 1117 praecipue
1592 1065 1635 1106 in
1656 1069 1847 1121 perystia

233 1117 294 1159 lio
315 1116 433 1170 juxta
453 1119 669 1159 Eccleliam
679 1127 794 1172 grata
804 1119 943 1160 adhuc
966 1117 1172 1160 memoria
1189 1121 1276 1162 salit
1297 1123 1406 1162 Fons
1421 1122 1568 1177 ingens
1590 1154 1603 1173 ‚
1633 1139 1678 1165 ac
1695 1128 1835 1178 plum-

234 1177 341 1218 beus
368 1175 505 1217 tribus
540 1189 637 1217 cum
666 1176 840 1218 conchis
865 1207 876 1226 ,
908 1191 954 1218 ac
973 1177 1167 1230 plurimis
1190 1179 1357 1229 fistulis,
1390 1180 1546 1234 quibus
1570 1195 1719 1236 aquam
1739 1183 1833 1224 lim-

234 1232 486 1288 pidissimam
524 1234 752 1288 profundit
773 1264 786 1285 ‚
824 1235 1022 1288 impolita
1052 1237 1253 1276 turricula
1281 1238 1457 1279 Gothici
1489 1240 1527 1280 &
1553 1240 1833 1292 operofiffimi

232 1292 380 1334 moris.
435 1294 581 1334 Infulae
620 1292 790 1344 insuper
821 1293 1035 1332 honorem
1061 1293 1304 1345 Campililio
1324 1295 1487 1348 primus
1508 1296 1675 1339 invexit
1704 1301 1831 1341 Anno

231 1350 556 1392 MCCCXLIX.
627 1351 828 1390 Sacellum
856 1348 1021 1390 Montis
1047 1351 1084 1390 S.
1106 1354 1237 1392 Annae
1266 1381 1278 1402 ,
1309 1355 1540 1394 acrescente
1558 1356 1792 1397 devotione
1818 1386 1831 1407 ,

230 1406 277 1448 in
300 1407 524 1448 mediocris
551 1406 716 1460 Templi
739 1407 922 1447 formam
944 1407 1092 1447 erexit.
1163 1407 1390 1449 Frtdericum
1425 1412 1668 1453 Dominum
1684 1418 1721 1455 in
1738 1415 1833 1455 Ho-

229 1463 386 1519 henberg
410 1494 423 1515 ,
452 1462 571 1516 cujus
601 1467 785 1505 Stemma
807 1465 829 1503 ὲ·
849 1463 1077 1504 Veteribus
1095 1463 1227 1504 Stiriae
1245 1465 1566 1508 Marchionibus
1590 1471 1801 1514 descendit
1818 1503 1831 1524 ‚

229 1522 275 1563 in
305 1523 451 1562 tumba
480 1523 583 1561 elata
611 1521 747 1561 adhuc
787 1520 975 1561 exstante
995 1550 1008 1570 ,
1047 1522 1122 1561 sub
1155 1534 1392 1563 marmorea
1423 1527 1563 1566 tabula
1581 1555 1592 1575 ‚
1622 1526 1831 1582 integram

227 1578 313 1631 ejus
342 1576 523 1630 effigiem
561 1577 731 1631 egregio
759 1577 940 1618 artificio
962 1578 1170 1619 referente
1187 1609 1200 1629 ‚
1230 1580 1423 1634 sepelivit
1448 1582 1492 1622 in
1515 1584 1690 1625 Ambitu
1714 1589 1830 1640 pone

225 1636 444 1677 Ecclefiam
470 1637 596 1685 Anno
623 1635 940 1680 MCCCCLIX.
1002 1637 1185 1677 Summis
1197 1648 1395 1691 praeterea
1411 1655 1457 1681 ac
1474 1640 1631 1683 infimis
1655 1645 1829 1697 charus,

227 1694 510 1750 omniumque
540 1695 686 1734 favore
716 1694 929 1749 perpetuo
953 1694 1118 1749 gavisus
1137 1726 1150 1746 ‚
1181 1696 1457 1738 Authoritate
1475 1700 1614 1741 multo
1644 1703 1829 1748 maxima

223 1755 422 1808 pollebat.
501 1752 878 1793 saluberrimarum
927 1765 1062 1806 porro
1085 1767 1282 1796 curarum
1318 1759 1558 1799 mercedem
1586 1758 1657 1813 pia
1686 1771 1829 1804 morte
1844 1757 1852 1790 J

222 1812 384 1865 recepit
403 1811 470 1852 die
495 1823 564 1855 21.
597 1812 714 1851 Febr.
748 1814 873 1852 Anno
906 1812 1287 1855 MCCCCLXXII.

110 1882 324 1929 XXVII.
355 1884 592 1938 JACOBUS
615 1884 713 1926 licet
732 1897 820 1924 non
846 1882 1027 1924 omnino
1048 1884 1250 1926 biennalis
1271 1885 1408 1927 Abbas
1430 1917 1442 1938 ,
1465 1888 1666 1942 proxime
1684 1897 1826 1933 tamen

225 1941 495 1984 Decefforem
519 1943 640 1983 suum
659 1941 873 1995 gestorum
900 1941 1107 1983 memoria
1130 1945 1417 1985 aemulabatur.
1496 1947 1694 2001 Qotum
1723 1961 1827 2002 prae*

225 2001 403 2055 cipuum
423 2031 435 2050 ‚
463 2000 664 2052 largiente
683 1999 805 2041 Sixto
830 2001 901 2039 IV.
927 1999 1157 2051 Pontifice,
1178 2001 1426 2044 interventu
1451 2001 1630 2047 Fridericz
1652 2008 1722 2047 IV.
1735 2009 1826 2047 Cae-

223 2059 319 2101 saris
340 2088 353 2109 ‚
384 2058 675 2113 Campililium
693 2059 714 2100 a
733 2057 956 2099 Filiatione
972 2059 1010 2098 S.
1031 2060 1181 2099 Crucis
1199 2059 1243 2100 in
1265 2070 1523 2115 perpetuum
1549 2063 1667 2104 fuiffie
1682 2077 1826 2105 exem-

222 2126 318 2160 tum
342 2146 353 2166 ‚
388 2118 426 2160 &
455 2119 582 2158 Runae
610 2116 808 2169 deinceps
845 2113 1075 2167 subjeetum
1103 2120 1231 2157 Anno
1252 2119 1653 2162 MCCCCLXXIII.
1710 2122 1825 2165 Cum

220 2187 425 2230 praeterea
444 2189 532 2216 non
544 2176 670 2228 longe
681 2183 801 2214 antea
817 2172 929 2226 Typi
948 2173 1268 2225 beneficiumkad
1287 2174 1599 2219 incrementum
1613 2181 1823 2222 bonarum

221 2233 461 2274 Literarum
481 2236 503 2273 a
531 2233 651 2273 DEO
687 2229 823 2272 fuiffet
843 2230 950 2270 Orbi
970 2230 1187 2272 indultum
1212 2262 1224 2282 ‚
1255 2235 1393 2274 Abbas
1417 2236 1561 2278 noster
1577 2251 1667 2279 non
1688 2240 1823 2282 defuit

221 2290 269 2332 in
313 2290 607 2344 comparandis
650 2289 824 2344 egregiis
855 2289 1161 2330 Voluminibus
1192 2290 1397 2344 impressis
1423 2303 1434 2333 t
1464 2306 1653 2347 quorum
1682 2296 1822 2351 aliqua

221 2351 336 2403 apud
371 2363 449 2392 nos
475 2350 612 2390 adhuc
633 2350 866 2402 supersunt.
948 2347 1026 2388 Sed
1062 2360 1179 2388 mors
1206 2348 1418 2406 festinavit
1437 2364 1537 2392 eum
1561 2354 1739 2395 educere
1768 2353 1841 2395 de¹

222 2409 300 2448 hac
334 2417 444 2449 terra
482 2406 636 2449 laboris
671 2435 684 2457 ‚
733 2419 816 2461 qua
864 2415 1096 2461 occupatus
1154 2407 1213 2449 est
1257 2408 1324 2450 die
1374 2421 1441 2458 25.
1485 2411 1649 2464 Januar.
1691 2414 1822 2454 Anno

220 2465 625 2507 MCCCCLXXIV.

111 2534 314 2579 XXVIII.
345 2535 549 2576 PAULUS
578 2535 647 2575 III.
678 2533 790 2586 Qia
813 2535 909 2589 post
932 2536 986 2577 D.
1007 2538 1179 2578 Petrum
1198 2538 1405 2581 Abbatem
1424 2552 1515 2581 non
1536 2548 1623 2581 tam
1644 2539 1820 2595 diligens
1887 2584 1897 2595 ‚

220 2591 448 2647 Campililij
470 2606 567 2634 cura
580 2602 668 2635 erat
685 2622 697 2643 ‚
727 2593 1009 2635 Instrumenta
1032 2596 1330 2638 transcribendi
1351 2628 1363 2649 ‚
1393 2600 1565 2653 unaque
1591 2600 1819 2640 Collectio-

223 2665 278 2694 ne
311 2651 618 2706 complecstendi
651 2681 662 2701 ‚
703 2652 742 2694 ὅ(
775 2652 923 2695 finistri
951 2653 1204 2707 posteriores
1249 2658 1361 2697 casus
1399 2659 1739 2711 compellebant,
1769 2667 1838 2713 ut‘

222 2710 414 2752 Archivii
442 2711 658 2751 thesaurus
680 2711 778 2764 fuga
798 2711 1003 2767 praecipiti
1021 2712 1193 2754 subduci
1215 2712 1408 2755 debuerit
1428 2743 1440 2764 ,
1475 2715 1679 2757 videntur
1697 2718 1836 2769 plura-

221 2768 498 2811 Documenta
531 2770 653 2821 plane
681 2769 909 2822 deperdita.
978 2773 1100 2812 Unde
1123 2770 1437 2826 insequentium
1471 2773 1572 2814 DD.
1601 2775 1816 2816 Abbatum

222 2829 326 2868 AErae
345 2841 431 2868 non
462 2830 624 2880 {emper
655 2826 778 2867 nobis
795 2835 899 2869 tutae
930 2830 1054 2880 sunt,
1084 2830 1124 2872 ἃ
1142 2833 1384 2884 exploratae.
1440 2832 1494 2872 D.
1516 2831 1662 2874 Paulus
1678 2832 1815 2871 Eccle-

223 2887 323 2926 fiam
348 2888 383 2926 S.
402 2884 542 2926 Mariae
568 2886 820 2939 Magdalenae
839 2886 882 2927 in
911 2888 1038 2928 Porta
1067 2889 1281 2943 praecipue'
1314 2899 1558 2943 promotam
1579 2888 1776 2942 cupiebat
1797 2917 1813 2939 ‚

222 2940 268 2982 in
293 2958 376 2998 qua
392 2954 496 2985 tunc
519 2944 581 2983 SS.
605 2944 821 2984 Trinitatis
839 2975 851 2995 ‚
882 2945 919 2987 ὅτ
944 2946 981 2986 S.
999 2946 1200 2988 Pancratii
1216 2949 1416 3003 Martyris
1434 2947 1814 2990 confraternitates

223 3001 398 3055 viguisse
419 3005 630 3055 leguntur.
690 3002 760 3044 Uti
781 3003 820 3043 ὅτ
841 3005 914 3044 sub
938 3017 991 3045 eo
1009 3005 1145 3058 prima
1173 3006 1377 3047 memoria
1397 3005 1590 3048 'occurrit
1611 3004 1812 3047 Sodalita-

223 3057 279 3098 tis
303 3060 344 3098 B.
364 3062 423 3104 M.
451 3062 503 3101 V,
536 3060 731 3102 Affumtae
753 3061 1119 3118 Wilhelmspurgi.
1201 3063 1460 3106 Potiffimam
1479 3063 1604 3116 hujus
1626 3063 1811 3105 Praesulis
1829 3068 1836 3110 'j

223 3117 391 3158 laudem
421 3119 555 3160 adhuc
581 3122 814 3174 eloquntur
840 3123 1065 3175 plusquam
1097 3135 1160 3171 50.
1186 3124 1417 3164 Volumina
1443 3123 1649 3163 Veterum
1675 3121 1808 3162 Editi-

223 3188 361 3218 onum
373 3205 386 3227 ,
399 3177 491 3219 sane
510 3178 636 3230 probi
648 3180 845 3231 comatis,
862 3192 1099 3278 necgarvae
1117 3181 1242 3225 molis
1261 3210 1275 3233 ‚
1294 3184 1345 3223 ab
1359 3181 1451 3235 ipso
1468 3208 1482 3233 ,
1513 3181 1579 3224 uti
1602 3179 1808 3278 testangur

1667 3249 1720 3279 ru
1752 3250 1809 3279 ri-
