2122 3507
841 111 985 158 ἕῦἒξᾷ(
1009 123 1034 147 0
1056 111 1199 160 >318⁴ae
1861 135 1882 171 ς

161 204 279 233 mus:
306 193 422 233 unde
452 192 492 234 &
514 191 735 247 utriusque
751 193 976 246 Scriptoris
996 195 1213 245 conditio,
1242 195 1479 251 Scriptique
1500 200 1813 253 Argumentum
1835 205 1884 245 li-

162 250 298 304 quido
323 250 512 304 patebit:
551 254 657 292 Usus
687 251 792 292 vero
816 251 1002 305 ejusdem
1020 254 1059 294 &
1076 254 1381 306 opportunitaS
1405 256 1589 297 maxima
1611 257 1656 298 in
1674 258 1881 307 Historia,

162 322 260 349 com
279 309 436 359 Patria,
468 319 561 350 tum
580 309 784 360 nostrate,
817 309 1019 352 tutiffima
1044 310 1281 362 conjeaura
1301 315 1337 353 se
1362 316 1529 367 pandet.
1589 315 1654 357 Sic
1667 329 1801 371 porro
1821 320 1879 359 di-

159 365 221 407 &a
246 366 428 420 Praefatio
450 368 588 408 habet.

259 482 463 549 Olligite
496 481 793 549 fragmenta,
833 502 894 533 ne
931 497 1155 552 pereant,
1191 486 1309 537 dicit
1343 487 1597 539 Dominus
1628 488 1792 540 noster
1827 492 1879 541 in

295 552 583 619 Evangelio.
655 553 723 604 Et
756 552 950 605 sanctus
989 556 1129 606 Pater
1169 557 1331 607 noster
1361 558 1684 616 Benedictus,
1721 575 1876 628 quem

156 623 328 675 beatus
365 622 640 689 Gregorius
673 623 802 690 Papa
835 627 1038 675 vocavit
1063 629 1292 676 omnium
1316 627 1555 692 justorum
1579 630 1751 696 spiritu
1778 630 1877 698 ple-

154 712 304 751 num,
349 711 453 743 non
488 691 630 750 vult,
663 707 721 744 ut
742 693 918 763 aliquis
941 694 1226 746 Monachus
1257 695 1444 764 aliquid
1471 699 1643 758 suum,
1680 704 1729 754 ὃς
1765 718 1876 768 pro-

154 767 323 833 prium
344 762 546 821 habeat,
580 761 660 814 vel
679 765 822 815 dicat.
893 766 1105 816 Mandat
1116 779 1308 824 autem,
1327 781 1386 818 ut
1408 768 1643 820 cunctam
1659 769 1874 822 substan-

153 838 272 885 tiam
295 833 583 902 Monasterij
607 847 849 901 tanquam
872 834 1051 885 sacrata
1071 834 1254 886 Altaris
1270 836 1394 887 Vasa
1415 839 1692 905 conspiciat.
1762 844 1873 907 Ego

152 907 323 972 itaque
361 903 621 954 ORTlLO
658 919 848 971 pauper
881 908 932 958 δε
965 907 1205 956 minimus
1242 908 1519 958 monachus
1550 912 1598 959 in
1621 909 1713 960 hac
1733 911 1873 962 Valle

152 975 303 1026 beatae
321 974 493 1024 Mariae
515 975 565 1022 in
584 973 884 1031 Lilienveld‚
922 990 1033 1042 quae
1052 992 1214 1043 nuper
1245 977 1305 1027 ad
1326 977 1521 1029 cultum
1543 979 1639 1029 Dei
1665 984 1713 1033 ὃς,
1747 982 1874 1033 Reli-2

147 1047 304 1111 gionis
341 1042 560 1093 instituta
590 1043 656 1095 est
676 1081 689 1100 ‚
734 1044 795 1096 de
823 1045 999 1097 Domo
1018 1044 1191 1097 sancta>
1228 1047 1405 1099 Crucis
1426 1066 1545 1099 cum
1567 1050 1772 1101 domino
1792 1069 1872 1118 ραι

148 1129 223 1167 tre
242 1132 357 1164 meo
378 1116 575 1170 (Μαῖα),
614 1114 816 1167 Abbate
840 1118 1003 1183 primo
1024 1116 1173 1184 hujus
1194 1115 1313 1176 loci,
1336 1122 1384 1172 ὃ(
1402 1120 1765 1171 venerabilibus
1781 1126 1874 1171 ira-

147 1185 306 1237 tribus
328 1187 447 1235 meis
462 1186 609 1235 exivi.
680 1185 864 1238 Volens
887 1186 1086 1238 obedire
1107 1189 1316 1240 domino
1338 1188 1573 1240 Salvatori
1590 1210 1704 1242 meo
1725 1193 1873 1243 Chri-

146 1256 244 1309 sto,
278 1258 326 1308 ὃ(
346 1253 607 1321 legislatori
628 1274 742 1307 meo
756 1256 1054 1313 Benedictm
1091 1259 1211 1323 quia
1231 1260 1446 1326 Scriptor
1466 1260 1600 1319 ssim,
1627 1260 1873 1314 habuice-

149 1325 289 1378 dulas
327 1325 490 1393 plures
526 1326 755 1392 parvulas
791 1327 851 1377 de
888 1326 1187 1377 membranis
1207 1344 1531 1380 remanentes.
1602 1332 1722 1381 Haec
1745 1333 1871 1399 frag-

144 1408 313 1449 menta
332 1415 392 1446 ne
411 1408 637 1461 pereant,
676 1393 909 1462 pusillum
933 1395 1154 1447 libellum
1177 1396 1323 1448 istum
1351 1402 1466 1465 caepi
1487 1400 1791 1453 conscribere
1817 1405 1869 1454 in

144 1465 424 1518 remedium
461 1463 621 1515 brevis
654 1469 703 1518 &
730 1468 924 1516 incertae
953 1465 1223 1515 hominum
1248 1469 1361 1516 vitae
1383 1504 1397 1523 ‚
1431 1473 1479 1521 ὃ(
1501 1468 1656 1519 labilis
1677 1490 1868 1523 memo-

142 1540 248 1595 riae,
284 1533 338 1586 de
363 1533 571 1585 Exordio
595 1535 742 1605 hujus
761 1552 897 1587 novae
928 1535 1116 1586 Domus
1136 1536 1278 1589 beatae
1303 1536 1507 1593 Mariae.
1591 1540 1658 1589 Et
1684 1555 1742 1589 ut
1765 1541 1867 1592 {an-2

141 1606 224 1658 &a
244 1624 299 1656 ac
318 1605 537 1654 maxima
557 1602 818 1656 liberalitas
837 1603 1139 1657 devotissimi
1162 1607 1397 1676 Principis
1421 1613 1471 1664 ὃς
1498 1609 1690 1662 illustris
1710 1611 1868 1662 Ducis

141 1675 434 1729 Fundatoris
457 1672 608 1724 nostri
641 1675 966 1728 LIUPOLDI
999 1675 1213 1744 amplius
1240 1679 1625 1738 honorificetur,
1663 1695 1867 1749 propter

138 1747 286 1801 suum
306 1744 564 1796 ardentem
590 1763 816 1798 amorem
847 1749 899 1798 in
930 1747 1103 1799 Deum
1126 1783 1140 1805 ‚
1189 1751 1239 1803 ὃς
1274 1751 1324 1800 in
1362 1750 1623 1817 gloriosam
1642 1751 1867 1805 Matrem

137 1819 422 1881 Virginem,
463 1821 772 1884 omnemque
790 1816 1027 1876 Clerum‚
1061 1836 1118 1868 ac
1140 1816 1330 1872 sacrum
1351 1823 1595 1874 Ordinem
1619 1822 1866 1881 nostrum,

140 1888 327 1940 dudum
351 1887 380 1937 d
407 1905 482 1937 me
501 1885 707 1938 collefflas
732 1888 942 1941 Notztlas
967 1888 1049 1939 hic
1067 1903 1295 1956 prepono
1324 1891 1377 1944 de
1396 1894 1662 1962 illustribus
1682 1894 1868 1964 &pri-

138 1964 235 2012 mis
258 1955 748 2027 Progenitoribussnis
771 1960 1129 2029 Babenbergicis
1143 1993 1159 2014 a
1181 1967 1432 2034 eorzimque
1451 1965 1673 2019 Aduentu
1693 1968 1744 2018 ἰν]
1759 1969 1865 2017 Au-

118 2033 247 2102 stria
262 2064 276 2085 ‚
313 2029 379 2082 Θ
392 2026 600 2099 gloriqsis
617 2030 820 2083 *Meritis
841 2036 892 2084 in
914 2032 997 2084 hac
1020 2032 1203 2084 Patria.
1269 2035 1458 2088 Nostro
1480 2039 1612 2089 enim
1634 2050 1863 2105 tempore

137 2103 232 2169 jam
255 2101 418 2169 plures
440 2099 607 2151 errasse
629 2101 878 2168 intelligo,
915 2106 964 2156 8<
986 2105 1038 2151 in
1065 2102 1241 2152 futuro
1263 2118 1489 2173 tempore
1509 2107 1673 2175 plures
1703 2126 1862 2159 errare

133 2176 289 2225 timeo
312 2173 437 2221 circa
458 2171 561 2222 haec
581 2177 695 2223 Vere
716 2175 765 2226 &
790 2171 971 2222 fincere
996 2171 1277 2227 enarranda.
1358 2177 1469 2242 Ego
1490 2183 1611 2228 verb
1633 2196 1713 2228 me
1735 2196 1861 2228 erra.

134 2263 184 2295 re
202 2239 411 2310 potuisse
434 2258 537 2292 non
555 2255 704 2307 puto,
744 2245 863 2308 quia
881 2243 967 2294 bas
993 2242 1207 2294 Notulas
1228 2242 1453 2314 exscripfi
1474 2266 1534 2298 ex
1552 2247 1732 2306 Libro,
1769 2251 1860 2316 qui

133 2324 348 2366 vocatur
383 2310 610 2363 Chronica
629 2312 822 2381 illzgstris
840 2315 1004 2384 Stirpis
1026 2314 1377 2385 Babevbergicae
1396 2322 1448 2369 7'72
1472 2318 1753 2387 Osterrz'clam
1781 2318 1860 2370 do-

134 2385 384 2436 minantis.
461 2382 634 2451 Qam
655 2381 936 2453 conscripsit
947 2385 1036 2436 Vir
1048 2383 1233 2453 sapiens
1255 2388 1632 2441 &Reverendus
1643 2390 1858 2442 ALOL-

130 2456 267 2506 Dus
304 2452 359 2505 de
391 2454 594 2506 Peklarn
630 2453 928 2523 Capellanus
974 2455 1236 2523 quondam
1279 2458 1684 2513 ADALBERTI
1723 2462 1858 2512 Mai·-

132 2526 323 2577 chionis
359 2524 518 2576 Tertii
559 2525 908 2592 Babenbergici
937 2526 1191 2577 Australis.
1264 2530 1424 2582 Suum
1450 2530 1691 2583 scribendi
1722 2531 1858 2583 labo-

132 2613 237 2647 rem
259 2598 411 2665 cepit,
452 2593 578 2648 ficut
606 2595 703 2664 ipse
728 2597 869 2656 dicit,
908 2609 1110 2648 centum
1134 2600 1271 2649 annis
1293 2601 1402 2667 post
1422 2602 1697 2654 adventum
1721 2602 1858 2653 LlU-

133 2665 340 2718 POLDI
361 2664 555 2717 Illustris
576 2670 627 2718 in
640 2667 933 2720 Osterriche.
1006 2667 1277 2720 Historiam
1298 2674 1470 2740 incipit
1485 2677 1514 2723 a
1532 2672 1857 2725 decollatione

133 2737 383 2791 Adalberti
403 2734 688 2790 nobiliffimi
704 2738 919 2790 Comitis
938 2736 992 2789 de
1007 2739 1307 2811 Babenberg,
1340 2746 1431 2810 qui
1451 2743 1547 2795 fuit
1563 2744 1709 2796 Avus
1721 2743 1857 2794 LlU-

134 2806 340 2861 POLDI
379 2808 599 2879 Illustris.
671 2811 800 2861 Finit
836 2822 1006 2860 autem
1039 2809 1172 2861 illam
1209 2812 1320 2879 post
1354 2816 1556 2865 initium
1586 2814 1856 2879 Regiminis

134 2878 429 2931 ERNUSTI
464 2880 564 2948 Filij
601 2879 1006 2932 ADALBERTI
1041 2881 1366 2936 Marchionis.
1437 2886 1547 2937 Sine
1580 2883 1734 2935 dubio
1772 2880 1856 2932 hic

133 2950 348 3016 Scriptor
367 2969 514 3003 verus
537 2957 587 3007 δε
608 2950 762 3003 fidelis
782 2951 873 3009 est,
911 2953 998 3018 qui
1020 2952 1200 3004 ultima
1222 2954 1393 3006 multis
1421 2959 1559 3007 annis
1582 2955 1679 3021 ipse
1701 2952 1854 3011 vidit,

135 3021 299 3088 priora
332 3026 451 3072 verb
479 3028 507 3074 a
528 3022 616 3075 suo
636 3023 858 3091 Principe
877 3022 1061 3075 didicit.
1133 3025 1223 3075 Sed
1246 3026 1385 3076 Deus
1410 3030 1582 3081 novit,
1613 3037 1766 3090 quare
1786 3021 1855 3072 fa-

138 3088 282 3144 &um
301 3087 384 3149 fit,
413 3106 471 3146 ut
490 3094 592 3148 haec
610 3092 743 3149 utilis
763 3093 1045 3153 Chronica,
1080 3093 1206 3149 dum
1226 3098 1314 3150 vix
1336 3095 1485 3149 altera
1504 3098 1612 3147 vice
1631 3091 1853 3146 transcri-

969 3163 1013 3217 B
1764 3174 1853 3232 pta
