2122 3507
195 178 219 215 4
874 164 1018 212 ἓᾱὲεᾷ(
1040 175 1066 202 0
1089 164 1234 212 >effi

195 258 405 302 tacunque
432 248 545 289 foret
572 245 774 297 leetione,
804 259 1058 301 quacunque
1081 247 1282 290 industria
1300 242 1551 297 de'ss1rlaslet‚
1582 257 1694 290 certa
1710 263 1808 291 cum
1829 250 1912 290 fide

196 307 355 349 edicere
374 314 567 359 poterat,
597 317 686 359 quo
707 307 879 345 demum
899 307 1018 345 Patre
1038 305 1203 359 genitus
1225 307 1338 347 foret
1366 307 1693 346 LEOPOLDUS
1710 338 1722 357 ‚
1752 321 1914 361 cogno-

195 373 344 408 mento
369 360 528 415 Illuflris
546 391 558 412 ‚
589 362 890 404 Marchionum
919 363 1113 403 omnium
1134 393 1146 411 ‚
1177 364 1435 417 Ducumque
1457 363 1501 404 in
1526 364 1689 405 Austria
1718 366 1912 406 BABEN-

196 422 565 465 BERGICORUM
594 422 754 462 Austor
773 421 813 462 &
836 420 1019 462 Parens?
1059 434 1148 474 quo
1169 423 1293 462 Anno
1317 421 1604 474 Principatum
1623 421 1789 463 inierit?
1819 435 1910 476 quo

196 482 219 522 ὲ
237 480 395 522 Caesare
415 481 598 521 eundem
626 479 755 520 fuerit
777 478 977 532 indeptus
997 478 1014 519 ’.Ρ
1070 478 1303 528 Infinitarum
1330 478 1560 532 qnaestionum
1576 509 1588 528 ,
1618 477 1885 527 oblruritatum
1899 509 1912 529 ,

197 535 247 585 ἐς
261 536 517 588 difficultatum
538 540 624 578 haec
648 538 909 578 Problemata
934 535 1093 593 Syl-vam
1111 536 1264 577 merito
1284 536 1511 591 appellavit
1529 537 1608 577 Vir
1626 532 1781 576 Clariis.
1806 538 1849 576 R.
1869 538 1912 576 P.

198 597 572 642 HIERONYMUS
601 594 803 644 PEZIUS‚
831 594 999 636 Veteris
1020 594 1192 636 Austriae
1211 604 1306 635 ante
1337 608 1485 635 omnes
1507 596 1733 647 Indagator
1752 593 1913 635 studio-

199 659 264 698 sus
294 656 332 697 ὅτ
361 655 488 704 felix,
526 650 626 694 Tom.
647 651 679 692 Ι.
711 651 891 706 Scriptor.
914 649 1149 704 Austriacor.
1169 652 1294 692 initio
1325 651 1522 703 Diffe’rtat.
1540 652 1619 693 VJ&
1643 651 1875 692 Prooemialis
1896 663 1911 690 .-

200 715 392 768 hancque
421 726 532 762 rem,
562 720 613 752 ut
643 710 710 751 ille
730 710 893 763 pergit,
922 708 1012 750 adel)
1036 709 1247 763 perplexam
1268 711 1359 761 fecit
1389 718 1456 749 aut
1469 708 1647 761 filentium
1666 709 1843 750 Veterum
1865 705 1918 752 Εὐ*

201 783 426 813 cooevorum
441 801 453 819 ‚
486 781 579 822 quos
595 770 630 808 in
651 766 815 808 manibus
833 766 1029 815 habemus,
1059 766 1308 820 Scriptorum:
1337 772 1407 807 aut
1423 768 1544 822 ingens
1558 766 1798 820 posteriorum
1821 769 1909 806 Au-

201 828 341 872 &orum
360 831 396 869 in
421 825 658 883 consignanda
676 824 743 866 hac
762 824 906 878 Epocba
927 829 1127 872 varietas,
1153 837 1293 879 pugna,
1324 823 1375 869 ἐς
1388 822 1644 877 dtscrepantia.

313 893 465 946 Insigni
480 905 611 946 porro
622 892 718 931 DEI
739 890 941 931 beneficio
964 890 1067 930 olim
1078 889 1319 942 Campililio
1332 889 1477 930 nostro
1490 886 1718 937 evenit,ut
1738 886 1911 941 quidam

203 952 444 1008 primorum
460 949 736 990 Gremialium
748 949 991 990 nostrorum
1004 947 1124 988 Initia
1138 947 1362 1001 Religionis
1378 947 1445 988 hic
1460 946 1555 995 loci,
1566 946 1722 1000 quibus
1735 945 1912 998 ipsemet

205 1013 417 1058 adfuerat,
440 1009 483 1048 in
502 1007 660 1047 Libello
673 1037 683 1057 ‚
710 1020 837 1061 quem
849 1005 890 1047 de
905 1005 1072 1046 Exordzo
1089 1006 1275 1058 Campitrlrj
1294 1005 1572 1058 inscripserat,
1585 1016 1803 1056 exponens
1824 1000 1913 1042 No-

203 1068 306 1111 tuias
323 1066 487 1113 breves,
518 1066 634 1118 quod
654 1064 711 1104 ait
726 1095 736 1114 ‚
768 1066 850 1104 five
872 1066 1077 1116 Excerpta
1093 1063 1370 1116 praemitteret
1386 1075 1438 1103 ex
1460 1061 1686 1116 prolixiori
1708 1062 1833 1113 longe
1848 1060 1913 1099 Li.

206 1129 286 1167 bro
308 1123 524 1164 Chronico
545 1122 770 1174 Scriptoris
793 1123 885 1162 sane
903 1120 1051 1174 egregii
1072 1122 1109 1162 &
1126 1120 1378 1170 Reverendi,
1410 1120 1483 1173 qui
1503 1133 1615 1160 anno
1637 1128 1792 1173 quarto
1815 1117 1912 1171 post

206 1183 487 1224 LEOPOLDI
517 1177 673 1230 Illusiris
694 1181 775 1220 fata
792 1179 835 1219 in
853 1179 1014 1220 Austria
1037 1188 1181 1228 natuS,
1209 1180 1283 1218 sub
1312 1179 1567 1218 HENRICO
1589 1178 1692 1217 Filio
1710 1176 1910 1223 adolevit,

205 1238 532 1282 ADALBERTO
562 1245 704 1276 autem
735 1237 971 1276 Marchioni
997 1235 1111 1275 ΠΙ.ῑίο
1142 1236 1451 1290 Babenbergico
1476 1237 1527 1276 ab
1555 1237 1669 1276 Aulae
1686 1237 1766 1275 suae
1783 1233 1913 1274 Sacris

207 1298 432 1338 exstiterat.
492 1294 570 1335 His
600 1292 756 1332 etenim
784 1289 965 1340 Notulis,
996 1305 1090 1344 quae
1107 1295 1224 1332 Auro
1242 1297 1390 1334 contra
1404 1295 1533 1334 charte
1548 1293 1598 1333 iis
1615 1292 1814 1333 omnibus
1834 1290 1913 1331 effe

206 1358 382 1401 debent,
411 1351 484 1403 qui
515 1349 688 1390 Austriae
718 1348 947 1389 Historiam
977 1357 1139 1396 amant,
1170 1348 1406 1399 clariffime‚
1438 1353 1693 1405 summaeque
1711 1363 1808 1391 cum
1832 1349 1919 1390 cir-›'

202 1408 521 1462 cumspeci‘tionis
549 1409 670 1448 laude
687 1436 699 1455 ‚
729 1407 767 1448 &
792 1407 943 1446 nativae
970 1406 1172 1447 Veritatis
1197 1408 1338 1460 patula
1367 1407 1629 1460 iimplicitate
1652 1410 1830 1449 docetur
1847 1437 1859 1456 ‚
1888 1408 1913 1447 a.

205 1483 295 1524 quo
311 1471 430 1508 Patre
452 1463 693 1518 proeefferit
723 1464 1049 1503 LEOPOLDUS
1080 1459 1258 1514 Illustms,
1288 1477 1378 1517 quo
1408 1466 1481 1505 sub
1512 1465 1773 1518 Imperatore
1799 1466 1914 1505 Mar..

209 1527 346 1569 chiam
373 1522 626 1564 Austriacam
644 1521 867 1568 meruerit,
895 1521 933 1561 ὅ(
948 1533 1038 1574 quo
1060 1522 1232 1560 demum
1253 1535 1366 1561 anno
1387 1524 1561 1562 eandem
1579 1522 1742 1565 adierit.

316 1589 468 1640 Neque
487 1585 590 1627 vero
608 1584 748 1624 minus
761 1586 987 1625 clementer
1008 1583 1147 1623 DEUS
1169 1589 1331 1637 iemper
1346 1582 1660 1637 benigniffimus
1679 1584 1744 1624 his
1761 1584 1919 1628 nostris

203 1646 472 1702 temporibus
486 1675 497 1695 ‚
528 1657 572 1684 ac
591 1642 780 1696 praesenti
800 1642 1016 1683 Fastorum
1040 1640 1285 1683 nostrorum
1302 1642 1500 1683 instituto
1519 1644 1589 1682 sua
1605 1642 1736 1696 gratia
1756 1644 1916 1684 adfuit:

207 1708 312 1749 dum
332 1704 537 1744 Libellum
556 1703 668 1741 hunc
682 1702 1031 1753 Autographum‚
1064 1701 1200 1740 forma
1224 1712 1288 1744 12.
1308 1699 1353 1741 in
1367 1699 1624 1741 Membranis
1642 1700 1920 1754 descriptum,

206 1763 324 1817 cujus
342 1761 571 1815 Scriptores
589 1760 786 1800 haetenus
802 1772 879 1799 nec
889 1759 996 1799 Orbi
1016 1758 1100 1799 toti
1114 1757 1341 1808 Literario,
1370 1759 1489 1812 quod
1511 1758 1653 1808 sciam,
1686 1770 1824 1812 neque
1834 1772 1918 1799 no-

205 1823 271 1864 bis
292 1821 463 1875 quidem
497 1819 592 1873 ipfis
622 1819 690 1858 vel
721 1818 770 1858 de
792 1817 967 1857 nomine
983 1816 1077 1857 noti
1091 1813 1229 1869 fuere,
1260 1828 1521 1870 quamquam
1538 1818 1587 1856 ab
1610 1816 1774 1869 origine
1792 1817 1918 1858 omni

208 1878 299 1936 jure
317 1878 505 1919 nostrum
527 1906 539 1927 ,
571 1884 639 1917 tot
660 1874 935 1915 nihilominus
956 1872 1036 1927 jam
1052 1874 1204 1915 Seculis
1224 1876 1247 1914 ὲ
1264 1873 1387 1914 nobis
1403 1873 1680 1914 abalienatum
1694 1903 1705 1923 ,
1725 1872 1914 1927 primum

207 1937 361 1979 abhinc
390 1934 561 1975 biennio
590 1945 642 1973 ex
662 1932 807 1973 vicino
834 1933 1022 1985 quodam
1050 1931 1351 1985 Antiquiffimo
1381 1929 1619 1985 Inclitoque
1653 1932 1919 1973 Monasterioz

207 1995 334 2037 nobis
352 1991 512 2034 restitui
543 1990 745 2045 disposuit
762 2019 773 2040 ,
803 1998 918 2030 tanta
938 1991 1049 2042 apud
1071 2002 1148 2029 nos
1167 1989 1387 2029 oblivione
1408 1991 1619 2042 sepultum
1634 2019 1646 2039 ‚
1677 1998 1727 2030 ut
1748 2003 1799 2030 ne
1819 1990 1919 2031 scri-

206 2064 333 2108 ptum
352 2051 524 2105 quidem
540 2049 654 2089 illum
677 2048 923 2102 aliquando,
955 2061 1030 2088 nee
1050 2046 1240 2088 nostrum
1268 2045 1405 2096 fuisse,
1433 2049 1502 2086 vel
1530 2046 1772 2087 tenuissimo
1791 2047 1918 2089 vesti-

205 2111 280 2166 gio
296 2107 565 2156 subodorari,
596 2106 735 2146 minus
753 2107 934 2145 eundem
953 2107 975 2145 a
989 2118 1208 2158 quoquam
1227 2107 1443 2158 reposcere
1460 2102 1751 2158 potuissemus.
1808 2107 1916 2146 Solae

206 2169 422 2210 nonnullae
440 2167 622 2206 obscurae
645 2164 683 2205 &
706 2163 955 2203 fluauantes
972 2161 1235 2203 Traditiones
1252 2165 1302 2203 de
1319 2163 1477 2211 Rebus,
1506 2162 1617 2203 inter
1640 2162 1780 2204 nostra
1794 2162 1916 2203 initia

210 2226 353 2280 gestis,
387 2238 479 2278 quae
494 2224 605 2276 apud
628 2234 704 2261 nos
728 2218 999 2261 incertiffimo
1017 2221 1124 2273 pede
1144 2221 1424 2273 vagabantur,
1454 2228 1617 2261 metum
1634 2220 1738 2261 mihi
1756 2218 1914 2270 fecere,

207 2297 263 2324 ne
278 2283 400 2322 Liber
418 2283 468 2320 ab
486 2279 648 2332 origine
668 2278 951 2330 conscriptus,
980 2277 1054 2331 qui
1075 2278 1149 2319 ista
1166 2278 1376 2327 retulerit,
1399 2280 1511 2332 apud
1528 2291 1605 2318 nos
1623 2290 1916 2332 quorumcun-

212 2353 300 2394 que
318 2335 476 2379 incuria
506 2335 727 2378 interierit.
794 2336 846 2374 Et
865 2332 976 2377 ecce!
1005 2335 1137 2374 illurn.
1204 2336 1245 2375 O
1277 2335 1475 2376 mirabilis
1495 2336 1592 2376 DEI
1620 2336 1920 2387 Providentia,

211 2410 340 2452 quam
366 2397 457 2436 sane
483 2393 636 2434 merito
658 2391 874 2433 universus
900 2391 1015 2431 orbis
1031 2394 1189 2432 adorat.
1249 2393 1354 2445 Qae
1371 2393 1451 2434 suis
1472 2406 1652 2449 quaeque
1674 2392 1919 2448 sapientiffi-

212 2456 282 2496 me
304 2453 432 2494 nectit
447 2451 688 2498 ordinibus,
720 2450 758 2491 &
781 2449 878 2503 quia
899 2448 941 2488 in
958 2449 1018 2489 sui
1034 2449 1305 2503 dispolitione
1321 2464 1409 2490 non
1429 2452 1603 2499 fallitur,
1633 2452 1833 2492 omnibus
1849 2453 1916 2492 Se-

211 2512 315 2554 culis
343 2511 467 2550 Dona
488 2510 526 2550 &
557 2510 691 2558 Bona,
719 2507 976 2562 quibuslibet
996 2507 1264 2562 temporibus
1289 2507 1472 2549 maxime
1494 2521 1700 2562 congrua,
1731 2511 1780 2548 ab
1798 2517 1918 2549 aeter-

210 2583 270 2612 no
288 2567 554 2623 praeordinat.
1574 2572 1577 2573 ’
1916 2566 1919 2567 ’

329 2634 426 2674 Hoc
445 2631 586 2685 itaque
604 2629 737 2671 nobili
760 2628 947 2680 cimelio,
978 2632 1138 2671 summa
1166 2643 1261 2671 cum
1284 2628 1606 2672 accuratione&
1624 2630 1705 2671 fide
1721 2628 1762 2670 in
1778 2630 1916 2670 lucem

210 2691 450 2747 protra&o‚
480 2691 561 2729 fine
592 2701 680 2741 quo
701 2687 1019 2729 &Sereniffimae
1038 2702 1083 2729 ac
1100 2688 1267 2729 Ducalis
1296 2687 1554 2728 Fundatricis
1582 2687 1732 2729 nostrae
1762 2688 1916 2728 FAMI-

211 2751 313 2791 LIAE
341 2746 761 2788 BABENBERGICAE
790 2746 1032 2787 terfaustum
1050 2746 1093 2786 in
1112 2746 1273 2787 Austria
1296 2745 1495 2795 Initium,
1525 2745 1564 2786 &
1589 2744 1727 2799 ipsum
1744 2745 1915 2799 Campi-

209 2806 282 2861 lilij
303 2806 431 2847 nostri
454 2803 687 2845 Exordium
706 2804 886 2855 maxima
904 2803 963 2844 sui
980 2814 1096 2857 parte
1112 2803 1295 2858 antiquis
1313 2805 1450 2844 adhuc
1466 2802 1649 2844 tenebris
1666 2804 1918 2857 squalerent,

210 2863 411 2920 praemissa
431 2863 698 2903 solummodo
719 2860 956 2912 Monasterij
978 2862 1186 2902 brevicula
1202 2860 1496 2914 Descriptione
1510 2890 1522 2910 ‚
1550 2862 1701 2901 Tomus
1726 2860 1867 2902 noster
1884 2861 1917 2901 1.

212 2923 331 2964 Parte
353 2921 428 2961 ΠΜ
447 2920 557 2961 illico
578 2919 752 2959 velutin
768 2921 908 2960 fronte
926 2919 1106 2960 clarebit.
1167 2917 1299 2971 Cujus
1319 2917 1560 2960 nobilissimi
1579 2918 1782 2960 Anecdoti
1796 2918 1916 2972 Opu.

213 2980 311 3022 sculi
332 3009 344 3028 ‚
365 2978 502 3019 &Viro
515 2975 854 3017 ClariffimoR.P.
875 2978 1018 3017 HIER.
1035 2978 1193 3018 PEZIO
1209 2979 1368 3017 summa
1379 2990 1476 3017 eum
1493 2978 1717 3030 voluptate
1736 2973 1915 3024 evoluti,

214 3036 439 3078 examinati
458 3066 469 3085 ‚
499 3037 537 3077 &
565 3047 618 3075 ex
638 3044 755 3087 parte
772 3034 816 3075 in
836 3035 1137 3076 Mellicenfibus
1160 3037 1284 3075 rebus
1309 3033 1518 3087 excerpti,
1548 3035 1802 3088 praegustum
1822 3042 1916 3073 tan-

214 3095 264 3136 to
284 3093 480 3144 maiorem
499 3103 549 3134 ut
566 3093 700 3146 capiat
725 3093 871 3134 Lec‘tor
893 3093 1111 3141 Eruditus‚
1142 3093 1323 3147 ejusdem
1354 3092 1423 3133 hic
1453 3092 1621 3133 interim
1651 3092 1919 3140 Praefationem

212 3152 419 3208 integram
433 3165 532 3195 eum
546 3152 662 3194 Orbe
681 3150 884 3204 Erudito,
913 3149 1003 3206 jure
1023 3151 1192 3204 nostro,
1220 3150 1376 3208 praevie
1396 3150 1609 3207 primique
1627 3147 1919 3198 communica&

364 3235 368 3238 ·
1031 3238 1033 3241 v
1086 3229 1120 3244 ε-
1789 3216 1912 3250 mus·-
