2122 3507
806 155 948 204 ᾔῧξοᾶ(
970 168 994 194 0
1017 155 1160 204 Χῷἓῦἒ
1808 178 1851 210 19

140 239 370 282 XLVIII.
401 239 679 281 MATHAEUS
710 239 779 279 111.
810 238 972 282 KolWeis
991 253 1089 282 cum
1113 238 1329 294 prioribus
1347 242 1516 282 duobus
1535 270 1549 291 ,
1580 241 1738 297 quibus
1756 246 1851 298 qui..

254 300 348 339 dem
367 298 518 339 ordine
537 296 748 351 posterior
770 326 783 347 ,
811 298 952 339 neutri
969 307 1110 339 tamen
1131 298 1295 339 virtute
1318 301 1524 342 secundus
1545 310 1633 342 erat
1648 330 1660 350 ‚
1682 302 1851 342 Trium-

253 356 443 397 viratum
475 355 697 398 constituit
727 355 1020 397 Maximorum
1045 357 1269 397 Praesulum
1304 357 1697 412 Campililienfium.
1756 361 1849 401 Tri-

254 414 442 455 cenarius
481 416 531 456 ad
558 415 741 455 Clavum
767 415 965 455 admotus
990 444 1001 464 ‚
1032 415 1071 456 &
1097 416 1160 455 SS.
1191 416 1437 470 Theologice
1466 418 1634 459 Doetor
1653 447 1664 467 ‚
1694 419 1847 460 eleaus

253 473 337 513 fuit
360 473 427 514 die
451 484 516 513 21.
549 468 641 527 Julij
671 476 798 512 Anno
821 473 997 513 MDCL.
1022 469 1191 526 Imperij
1217 472 1277 513 sui
1304 474 1530 516 Praesularis
1555 475 1848 530 ampliffimam

255 530 544 584 Quadraginta
567 529 759 583 quinque
783 531 1008 571 Annorum
1034 531 1250 584 palestram
1272 534 1490 585 perpetuis
1512 534 1782 585 Virtutibus,
1806 536 1846 577 &

252 589 564 629 immortalibus
589 589 754 629 Meritis
785 588 968 630 ornavit.
1032 591 1068 629 S.
1098 588 1273 629 Ordinis
1311 603 1386 641 per
1413 592 1684 634 Germaniam
1713 595 1845 634 Com-

251 645 478 687 miffarium
497 676 518 696 ‚.
541 658 617 699 per
638 644 845 688 Austriam
871 646 1089 688 Vicarium
1109 648 1358 687 Generalem
1388 648 1615 691 diutiffime
1641 651 1726 705 egit
1745 664 1753 692 :
1787 653 1843 692 se-

248 707 330 744 mel
351 717 526 758 quoque
548 705 586 745 &
608 704 764 746 iterum
787 708 914 746 Almae
945 706 1134 746 Caesareae
1164 704 1455 746 Univerlitatis
1486 708 1736 750 Viennenlis
1766 711 1844 750 Re-

249 764 409 802 &orem
442 763 747 816 Magnificum:
776 761 1026 804 Inclitorum
1059 772 1259 816 praeterea
1284 764 1479 804 Statuum
1511 766 1842 808 Provincialiurn

247 821 520 873 Deputatum
549 821 838 862 Ordinarium.
900 822 950 860 In
978 820 1167 874 Negotio
1199 822 1476 862 reformandae
1505 824 1733 877 Religionis
1754 827 1838 878 pri-

245 882 365 919 mum
390 891 464 931 per
483 888 620 932 partes
643 879 765 919 Urbis
782 879 1031 918 Viennensis
1052 908 1063 927 ,
1095 877 1246 918 deinde
1265 891 1340 931 per
1359 879 1622 933 Qadrantes
1645 884 1838 934 Austrice,

246 940 415 977 tandem
435 950 509 989 per
529 949 701 976 omnem
727 935 933 976 Austriam
960 935 1205 976 inferiorem
1225 965 1236 985 ‚
1269 938 1404 989 prope
1437 937 1605 991 integro
1633 943 1838 982 decennio

248 992 563 1033 nummularius
595 996 814 1047 supremus
833 1023 844 1041 ‚
876 991 1034 1034 iteratis
1067 994 1276 1034 Mandatis
1304 995 1595 1036 Maximorum
1630 1000 1837 1041 Caesarum

243 1050 465 1091 Ferdmandt
486 1051 621 1095 llLaC
642 1051 816 1106 Leopoldn·
830 1082 840 1100 2
873 1052 1086 1092 immenlis
1104 1052 1214 1093 curis
1233 1067 1278 1093 ac
1294 1053 1510 1093 laboribus
1535 1085 1546 1103 ,
1575 1056 1712 1096 fruelu
1732 1059 1836 1098 vero

241 1109 478 1149 animarum
501 1109 707 1150 laetissimo
732 1110 892 1151 exstitit
913 1141 925 1159 ,
956 1111 1148 1164 Apostoli
1175 1110 1345 1151 Austriae
1381 1113 1568 1164 elogium
1586 1128 1674 1154 non
1695 1116 1838 1167 paucis

237 1168 487 1208 nominibus
528 1168 802 1221 promeritus.
879 1167 1012 1209 Domi
1042 1169 1315 1210 Sodalitatem
1340 1170 1377 1209 S.
1403 1169 1544 1223 lojkpbt'
1567 1202 1579 1221 ,
1608 1174 1738 1214 hodie
1761 1178 1839 1213 Ar,

242 1226 756 1268 chiaConfi-aternitatem
783 1227 823 1267 in
868 1226 986 1266 omni
1009 1227 1235 1266 Germania
1259 1227 1471 1276 diffusam,
1507 1228 1703 1272 instituit.
1761 1234 1838 1272 Ar-

238 1285 531 1338 chiepilcopali
561 1285 754 1338 Collegit)
786 1286 821 1324 S.
846 1284 1039 1324 Ber-nardi
1069 1286 1256 1335 Pragensi
1292 1286 1538 1338 Superiores
1573 1289 1689 1330 dedit
1708 1319 1720 1339 ‚
1752 1291 1838 1344 pri-

240 1343 423 1396 mosque
444 1342 694 1383 Profeslores
714 1344 735 1382 ὲ
763 1342 942 1381 Gremio
962 1343 1037 1381 suo
1058 1353 1067 1380 τ
1098 1343 1160 1381 uti
1177 1343 1216 1382 δε
1247 1343 1508 1384 Monasteriis
1530 1345 1722 1397 pluribus
1754 1350 1837 1388 Ab·

238 1402 366 1440 bates.
421 1399 612 1439 Plurium
640 1399 954 1440 Coenobiorum
982 1399 1156 1439 Ordinis
1185 1399 1229 1438 in
1252 1400 1377 1439 variis
1406 1403 1639 1453 provinciis
1659 1406 1772 1446 Bona
1791 1420 1837 1447 ao

237 1456 506 1498 Pollelliones
536 1460 601 1498 vel
629 1458 811 1511 pignore
836 1456 995 1496 exemit
1016 1486 1027 1504 ‚
1058 1459 1123 1495 vel
1154 1456 1345 1496 funditus
1367 1461 1646 1511 recuperavit.
1708 1466 1835 1504 Anno

236 1516 608 1557 MDCLXXXHI.
641 1515 787 1554 'l‘urcis
808 1514 1019 1553 Viennam
1038 1513 1329 1553 oblidentibus
1347 1544 1358 1563 ‚
1391 1514 1475 1568 ipse
1493 1514 1570 1569 jam
1590 1520 1684 1570 plus
1707 1524 1836 1572 quam

237 1572 536 1623 Se-..mgenarius
554 1602 564 1620 ‚
587 1568 811 1625 Campililij
840 1571 884 1612 in
915 1573 1077 1612 bonum
1099 1571 1384 1624 plurimorum
1405 1573 1549 1614 animo
1571 1575 1835 1630 imperterri-

237 1639 286 1671 to
314 1644 359 1669 ae
380 1630 466 1669 fere
499 1629 674 1671 heroico
699 1629 915 1683 perlistens
935 1660 946 1678 ‚
976 1631 1045 1670 sex
1068 1631 1430 1671 hebdomadarum
1465 1633 1732 1675 oblidionem
1757 1638 1835 1677 do·-

234 1687 449 1729 mesticam
470 1689 521 1727 ab
546 1687 869 1729 excurrentibus
886 1717 897 1736 ,
928 1689 967 1729 &
987 1687 1082 1742 igne
1102 1686 1302 1742 ferroque
1321 1690 1560 1732 furentibus
1583 1693 1833 1736 barbarisin.

234 1745 346 1786 vidie
363 1745 557 1787 sustinuit:
575 1776 587 1795 ,
621 1760 705 1800 ope
734 1746 894 1786 Divina
916 1747 1112 1795 favente,
1143 1748 1312 1801 hocque
1331 1749 1452 1800 paeto
1479 1763 1569 1790 non
1584 1751 1718 1792 modo
1737 1754 1834 1794 Mo-

229 1804 459 1845 nasterium
481 1833 492 1854 ‚
522 1818 567 1844 ae
596 1803 876 1845 circumlitam
910 1804 1054 1845 Patriae
1090 1807 1275 1858 plagam,
1308 1808 1460 1847 verum
1486 1806 1613 1848 etiam
1646 1809 1832 1852 vicinam

232 1861 403 1902 stiriam
421 1864 443 1902 a
460 1860 680 1902 certiffima
705 1861 922 1903 invafione
944 1862 1126 1904 servavit
1152 1863 1404 1905 immunem.
1482 1866 1733 1908 Conventui
1756 1871 1831 1910 suo

230 1920 556 1961 Habitationem
577 1933 630 1961 ex
647 1920 816 1974 integro
836 1934 995 1960 novam
1015 1951 1026 1970 ‚
1058 1920 1341 1975 T1·a6tumque
1364 1935 1404 1972 4.
1434 1924 1613 1965 laterum
1636 1926 1831 1969 constru-

229 1977 309 2020 xit.
364 1976 667 2018 Profeffionem
698 1978 901 2032 Jubileam
925 1980 1044 2019 nullo
1071 1988 1175 2020 tunc
1192 2009 1203 2028 ,
1234 1981 1353 2034 quod
1373 1980 1547 2023 sciamus
1564 2013 1577 2032 ‚
1605 1984 1831 2026 Praesulum

227 2036 476 2077 nostrorum
498 2038 696 2090 exemplo
723 2036 855 2078 edidit
872 2035 1114 2077 solemniter
1135 2040 1262 2077 Anno
1279 2039 1508 2081 MDCXC.
1564 2042 1750 2082 Tandem
1771 2046 1831 2084 se-

229 2093 306 2135 nio
326 2095 474 2135 fracstus
493 2123 505 2143 ,
539 2093 605 2135 die
629 2107 668 2144 9.
702 2096 820 2135 Febr.
847 2097 973 2134 Anno
1004 2096 1276 2136 MDCXCV.
1306 2096 1624 2138 devotiffimum
1653 2100 1750 2140 DEI
1765 2101 1827 2142 sui

227 2151 360 2206 ipfius
385 2151 638 2194 Sacrificium
660 2180 671 2201 ‚
703 2153 822 2205 quod
848 2151 999 2204 spiritu
1031 2149 1183 2204 iugiter
1209 2152 1458 2194 immolabat
1481 2155 1525 2195 in
1545 2155 1633 2197 vita
1655 2186 1667 2207 ,
1700 2158 1828 2200 etiam

229 2224 413 2263 corpore
450 2210 535 2263 egit
571 2223 647 2262 per
686 2219 900 2257 mortem,
931 2205 1039 2249 fama
1066 2223 1155 2249 non
1186 2209 1427 2262 moritura,
1459 2214 1563 2254 dum
1593 2214 1828 2270 'quisquam

231 2266 457 2321 Campililij
480 2267 600 2307 vivet
626 2295 638 2316 ,
671 2279 768 2308 cum
784 2267 917 2320 gloria
936 2276 1259 2321 perennaturus.

116 2336 231 2380 XLI
245 2337 301 2377 X.
330 2337 702 2377 SIGISMUNDUS
732 2338 781 2377 II.
812 2336 948 2377 Braun
970 2336 1050 2377 Vir
1066 2338 1166 2377 vere
1194 2336 1421 2379 Praesularis
1445 2338 1597 2394 dignus
1615 2350 1702 2384 erat
1717 2373 1729 2393 ‚
1751 2342 1827 2397 qui

226 2395 535 2436 Claritudinem
564 2392 881 2435 Antecefforum
924 2393 1085 2436 meritis
1132 2398 1398 2438 aemularetur
1428 2410 1438 2437 ι
1476 2399 1551 2439 nili
1581 2401 1826 2455 Campililio

223 2465 402 2507 quoque
423 2484 434 2502 ‚
463 2462 512 2494 ut
531 2453 728 2493 omnium
749 2466 894 2493 rerum
916 2454 1199 2494 humanarum
1218 2456 1315 2496 sunt
1334 2455 1446 2497 vices
1475 2487 1487 2506 ,
1534 2458 1678 2499 nubila
1712 2473 1825 2513 quae-

221 2513 317 2554 dam
347 2511 440 2564 post
459 2511 666 2551 Phoebum
687 2510 1003 2552 imminuissent.
1060 2513 1221 2553 Ele-itus
1243 2513 1301 2555 est
1323 2515 1609 2557 concordibus
1630 2518 1745 2558 votis
1757 2519 1823 2559 die

220 2582 290 2610 20.
309 2571 434 2611 Mart.
450 2572 576 2610 Anno
603 2570 871 2610 MDCXCV.
929 2570 1032 2622 Qo
1049 2569 1190 2610 minus
1204 2571 1310 2612 vero
1334 2571 1468 2613 eidem
1488 2576 1660 2615 fortuna
1681 2578 1826 2616 secun-

220 2629 272 2669 da
291 2629 429 2678 foret,
462 2637 555 2668 tum
581 2627 756 2681 quidem
786 2658 797 2677 ,
831 2630 927 2668 cum
958 2627 1044 2681 ipse
1067 2627 1112 2668 in
1141 2642 1230 2669 rem
1267 2630 1452 2671 nostram
1470 2632 1820 2685 Vigilantiffimus

218 2683 298 2727 effe
315 2687 441 2727 vellet
459 2716 471 2736 ‚
503 2685 639 2727 effecit
656 2715 668 2735 ‚
705 2686 823 2740 quod
844 2684 901 2739 ij,
932 2699 1120 2738 quorum
1138 2687 1327 2728 Confilio
1353 2702 1399 2729 ac
1422 2702 1507 2742 ope
1538 2690 1724 2732 maxime
1758 2692 1819 2731 ni-

217 2746 286 2786 sus
302 2754 389 2785 erat
408 2774 419 2791 ,
448 2745 614 2797 perfido
637 2743 711 2784 fibi
735 2743 942 2797 obsequio
964 2742 1146 2786 adessent
1164 2756 1173 2783 z
1194 2744 1258 2799 alij
1274 2759 1394 2786 novo
1414 2776 1425 2796 ‚
1455 2761 1532 2789 nec
1549 2751 1720 2790 forfitan
1741 2763 1818 2788 no-

218 2802 295 2844 xio
316 2801 527 2843 molimini
556 2804 631 2849 suo
652 2832 665 2852 ‚
692 2803 871 2843 adverlis
895 2801 1282 2844 machinationibus
1314 2803 1570 2848 inviderent.
1648 2806 1816 2846 Divites

220 2861 333 2902 ferro
353 2869 519 2902 montes
545 2861 711 2902 nostros
733 2861 870 2900 ferreo
892 2860 964 2901 illo
984 2861 1140 2903 Saeculo
1163 2891 1175 2912 ‚
1206 2875 1296 2916 quo
1316 2863 1588 2905 Succeffionis
1616 2864 1813 2917 Hispani-

218 2931 275 2959 cae
289 2917 410 2960 causa
429 2917 733 2960 atrociffimum
757 2920 909 2959 bellum
930 2921 1080 2962 exarfit
1097 2950 1109 2969 ‚
1139 2931 1289 2961 aureos
1310 2921 1473 2962 efficere
1494 2925 1640 2963 volens
1667 2922 1810 2962 merci-

218 2976 370 3018 monio
406 2977 652 3018 bellicorum
691 2985 1039 3029 tormentorum,
1067 2977 1158 3021 vim
1190 2992 1364 3020 omnem
1399 2981 1571 3034 Argenti
1601 2980 1639 3020 δε
1674 2979 1810 3030 Auri,

218 3046 351 3086 quam
367 3034 411 3075 in
431 3035 595 3077 fodinas
614 3066 625 3086 ,
661 3036 701 3077 ὅτ
727 3035 936 3076 machinas
961 3036 1170 3090 operarias
1188 3038 1383 3091 profudit
1401 3069 1413 3088 ‚
1442 3039 1564 3079 irrito
1586 3033 1705 3077 lucr&
1745 3038 1810 3078 vi-

220 3092 321 3132 dere
359 3093 506 3134 debuit
542 3093 585 3134 in
610 3093 895 3147 graviffimum
936 3093 1174 3148 Monasterij
1214 3099 1280 3136 AEs
1316 3096 1498 3136 alienum
1537 3093 1808 3149 degenerfisle.

221 3149 354 3202 Qod
372 3148 678 3206 iniquiffimum
696 3154 830 3196 fatum
851 3153 1039 3252 &Efamae
1060 3154 1325 3197 insolentiam
1344 3153 1602 3209 provocavit
1615 3183 1627 3204 ‚
1652 3153 1691 3195 ἃ
1702 3155 1808 3253 {13:103

967 3223 993 3252 2
1646 3226 1696 3251 na
1736 3224 1807 3266 eri]
